@article{claerbout1991scrutiny,
  title     = {A Scrutiny of the Introduction},
  author    = {Claerbout, Jon F},
  journal   = {The Leading Edge},
  volume    = {10},
  number    = {1},
  pages     = {39--41},
  year      = {1991},
  publisher = {Society of Exploration Geophysicists}
}

@article{landes1951scrutiny,
  title   = {A Scrutiny of the Abstract},
  author  = {Landes, Kenneth K},
  journal = {Bulletin of the American Association of Petroleum Geologists},
  volume  = {35},
  number  = {7},
  pages   = {1660},
  year    = {1951}
}

@article{wang2021contractward,
  author  = {Wang, Wei and Song, Jingjing and Xu, Guangquan and Li, Yidong and Wang, Hao and Su, Chunhua},
  journal = {IEEE Transactions on Network Science and Engineering},
  title   = {ContractWard: Automated Vulnerability Detection Models for Ethereum Smart Contracts},
  year    = {2021},
  volume  = {8},
  number  = {2},
  pages   = {1133-1144},
  doi     = {10.1109/TNSE.2020.2968505}
}


@misc{lewispye2021general,
  title         = {A General Framework for the Security Analysis of Blockchain Protocols},
  author        = {Andrew Lewis-Pye and Tim Roughgarden},
  year          = {2021},
  eprint        = {2009.09480},
  archiveprefix = {arXiv},
  primaryclass  = {cs.DC}
}

@misc{matsumura2021vulnerabilities,
  title         = {Vulnerabilities and Open Issues of Smart Contracts: A Systematic Mapping},
  author        = {Gabriel de Sousa Matsumura and Luciana Brasil Rebelo dos Santos and Arlindo Flavio da Conceição and Nandamudi Lankalapalli Vijaykumar},
  year          = {2021},
  eprint        = {2104.12295},
  archiveprefix = {arXiv},
  primaryclass  = {cs.SE}
}

@inproceedings{kalra2018zeus,
  title     = {ZEUS: Analyzing Safety of Smart Contracts},
  author    = {Sukrit Kalra and Seep Goel and Mohan Dhawan and Subodh Sharma},
  booktitle = {NDSS},
  year      = {2018}
}

@inproceedings{mark2019manticore,
  author    = {Mossberg, Mark and Manzano, Felipe and Hennenfent, Eric and Groce, Alex and Grieco, Gustavo and Feist, Josselin and Brunson, Trent and Dinaburg, Artem},
  booktitle = {2019 34th IEEE/ACM International Conference on Automated Software Engineering (ASE)},
  title     = {Manticore: A User-Friendly Symbolic Execution Framework for Binaries and Smart Contracts},
  year      = {2019},
  volume    = {},
  number    = {},
  pages     = {1186-1189},
  doi       = {10.1109/ASE.2019.00133}
}

@inproceedings{tsankov2018securify,
  author    = {Tsankov, Petar and Dan, Andrei and Drachsler-Cohen, Dana and Gervais, Arthur and B\"{u}nzli, Florian and Vechev, Martin},
  title     = {Securify: Practical Security Analysis of Smart Contracts},
  year      = {2018},
  isbn      = {9781450356930},
  publisher = {Association for Computing Machinery},
  address   = {New York, NY, USA},
  url       = {https://doi.org/10.1145/3243734.3243780},
  doi       = {10.1145/3243734.3243780},
  booktitle = {Proceedings of the 2018 ACM SIGSAC Conference on Computer and Communications Security},
  pages     = {67–82},
  numpages  = {16},
  keywords  = {verification, security analysis, stratified datalog, smart contracts},
  location  = {Toronto, Canada},
  series    = {CCS '18}
}

@misc{brent2018vandal,
  title         = {Vandal: A Scalable Security Analysis Framework for Smart Contracts},
  author        = {Lexi Brent and Anton Jurisevic and Michael Kong and Eric Liu and Francois Gauthier and Vincent Gramoli and Ralph Holz and Bernhard Scholz},
  year          = {2018},
  eprint        = {1809.03981},
  archiveprefix = {arXiv},
  primaryclass  = {cs.PL}
}

@misc{gogineni2020multiclass,
  title         = {Multi-Class classification of vulnerabilities in Smart Contracts using AWD-LSTM, with pre-trained encoder inspired from natural language processing},
  author        = {Ajay K. Gogineni and S. Swayamjyoti and Devadatta Sahoo and Kisor K. Sahu and Raj kishore},
  year          = {2020},
  eprint        = {2004.00362},
  archiveprefix = {arXiv},
  primaryclass  = {cs.IR}
}

@misc{huang2018hunting,
  title         = {Hunting the Ethereum Smart Contract: Color-inspired Inspection of Potential Attacks},
  author        = {TonTon Hsien-De Huang},
  year          = {2018},
  eprint        = {1807.01868},
  archiveprefix = {arXiv},
  primaryclass  = {cs.CR}
}

@inproceedings{zhuang2020smart,
  title     = {Smart Contract Vulnerability Detection using Graph Neural Network},
  author    = {Zhuang, Yuan and Liu, Zhenguang and Qian, Peng and Liu, Qi and Wang, Xiang and He, Qinming},
  booktitle = {Proceedings of the Twenty-Ninth International Joint Conference on
               Artificial Intelligence, {IJCAI-20}},
  publisher = {International Joint Conferences on Artificial Intelligence Organization},
  editor    = {Christian Bessiere},
  pages     = {3283--3290},
  year      = {2020},
  month     = {7},
  note      = {Main track},
  doi       = {10.24963/ijcai.2020/454},
  url       = {https://doi.org/10.24963/ijcai.2020/454}
}
