
@article{ WOS:000525389200002,
Author = {Qian, Peng and Liu, Zhenguang and He, Qinming and Zimmermann, Roger and
   Wang, Xun},
Title = {{Towards Automated Reentrancy Detection for Smart Contracts Based on
   Sequential Models}},
Journal = {{IEEE ACCESS}},
Year = {{2020}},
Volume = {{8}},
Pages = {{19685-19695}},
DOI = {{10.1109/ACCESS.2020.2969429}},
ISSN = {{2169-3536}},
ORCID-Numbers = {{Qian, Peng/0000-0003-4934-5811}},
Unique-ID = {{WOS:000525389200002}},
}

@inproceedings{ WOS:000477742600025,
Book-Group-Author = {{IEEE}},
Title = {{Towards Automated Generation of Bug Benchmark for Smart Contracts}},
Booktitle = {{2019 IEEE 12TH INTERNATIONAL CONFERENCE ON SOFTWARE TESTING,
   VERIFICATION AND VALIDATION WORKSHOPS (ICSTW 2019)}},
Series = {{IEEE International Conference on Software Testing Verification and
   Validation Workshops}},
Year = {{2019}},
Pages = {{184-187}},
Note = {{12th IEEE International Conference on Software Testing, Verification and
   Validation (ICST), Xian, PEOPLES R CHINA, APR 22-27, 2019}},
Organization = {{IEEE; IEEE Comp Soc; CCF; Xian Jiaotong Univ; Xian Univ Posts \&
   Telecommunicat; Huawei; Beijing Sunwise Informat Technol Ltd; Baidu; www
   360 cn; Netflix; TICPSH; Mooctest; Google}},
DOI = {{10.1109/ICSTW.2019.00049}},
ISSN = {{2159-4848}},
ISBN = {{978-1-7281-0888-9}},
ResearcherID-Numbers = {{Ye, Jiaming/AAX-4088-2021}},
Unique-ID = {{WOS:000477742600025}},
}

@inproceedings{ WOS:000637244600080,
Author = {Ye, Jiaming and Ma, Mingliang and Lin, Yun and Sui, Yulei and Xue,
   Yinxing},
Book-Group-Author = {{IEEE}},
Title = {{Clairvoyance: Cross-contract Static Analysis for Detecting Practical
   Reentrancy Vulnerabilities in Smart Contracts}},
Booktitle = {{2020 ACM/IEEE 42ND INTERNATIONAL CONFERENCE ON SOFTWARE ENGINEERING:
   COMPANION PROCEEDINGS (ICSE-COMPANION 2020)}},
Series = {{International Conference on Software Engineering}},
Year = {{2020}},
Pages = {{274-275}},
Note = {{42nd ACM/IEEE International Conference on Software Engineering -
   Companion Proceedings (ICSE-Companion), ELECTR NETWORK, JUN 27-JUL 19,
   2020}},
Organization = {{Assoc Comp Machinery; IEEE; IEEE Comp Soc; IEEE Comp Soc Tech Comm
   Software Engn; ACM Special Interest Grp Software Engn; Korean Inst
   Informat Scientists \& Engineers; Natl Sci Fdn; Facebook; N Carolina
   State Univ; Microsoft; Samsung; LG Elect; KAIST; SK Hynix; NAVER;
   Suresoft; HITACHI; Google}},
DOI = {{10.1145/3377812.3390908}},
ISSN = {{0270-5257}},
ResearcherID-Numbers = {{Ye, Jiaming/AAX-4088-2021}},
Unique-ID = {{WOS:000637244600080}},
}

@inproceedings{ WOS:000613139300013,
Author = {Zhang, Pengcheng and Xiao, Feng and Luo, Xiapu},
Book-Group-Author = {{IEEE}},
Title = {{A Framework and DataSet for Bugs in Ethereum Smart Contracts}},
Booktitle = {{2020 IEEE INTERNATIONAL CONFERENCE ON SOFTWARE MAINTENANCE AND EVOLUTION
   (ICSME 2020)}},
Series = {{Proceedings-IEEE International Conference on Software Maintenance}},
Year = {{2020}},
Pages = {{139-150}},
Note = {{36th IEEE International Conference on Software Maintenance and Evolution
   (ICSME), ELECTR NETWORK, SEP 27-OCT 03, 2020}},
Organization = {{IEEE; IEEE Comp Soc}},
DOI = {{10.1109/ICSME46990.2020.00023}},
ISSN = {{1063-6773}},
ISBN = {{978-1-7281-5619-4}},
Unique-ID = {{WOS:000613139300013}},
}

@article{ WOS:000525451000001,
Author = {Sayeed, Sarwar and Marco-Gisbert, Hector and Caira, Tom},
Title = {{Smart Contract: Attacks and Protections}},
Journal = {{IEEE ACCESS}},
Year = {{2020}},
Volume = {{8}},
Pages = {{24416-24427}},
DOI = {{10.1109/ACCESS.2020.2970495}},
ISSN = {{2169-3536}},
ORCID-Numbers = {{Sayeed, Sarwar/0000-0002-9164-7672
   Marco, Hector/0000-0001-6976-5763}},
Unique-ID = {{WOS:000525451000001}},
}

@inproceedings{ WOS:000570766300031,
Author = {Tantikul, Phitchayaphong and Ngamsuriyaroj, Sudsanguan},
Editor = {{Furnell, S and Mori, P and Weippl, E and Camp, O}},
Title = {{Exploring Vulnerabilities in Solidity Smart Contract}},
Booktitle = {{ICISSP: PROCEEDINGS OF THE 6TH INTERNATIONAL CONFERENCE ON INFORMATION
   SYSTEMS SECURITY AND PRIVACY}},
Year = {{2020}},
Pages = {{317-324}},
Note = {{6th International Conference on Information Systems Security and Privacy
   (ICISSP), Valletta, MALTA, FEB 25-27, 2020}},
DOI = {{10.5220/0008909803170324}},
ISBN = {{978-989-758-399-5}},
Unique-ID = {{WOS:000570766300031}},
}

@inproceedings{ WOS:000450109000017,
Author = {Liu, Chao and Liu, Han and Cao, Zhao and Chen, Zhong and Chen, Bangdao
   and Roscoe, Bill},
Book-Group-Author = {{IEEE}},
Title = {{ReGuard: Finding Reentrancy Bugs in Smart Contracts}},
Booktitle = {{PROCEEDINGS 2018 IEEE/ACM 40TH INTERNATIONAL CONFERENCE ON SOFTWARE
   ENGINEERING - COMPANION (ICSE-COMPANION}},
Series = {{Proceedings of the IEEE-ACM International Conference on Software
   Engineering Companion}},
Year = {{2018}},
Pages = {{65-68}},
Note = {{40th ACM/IEEE International Conference on Software Engineering (ICSE),
   Gothenburg, SWEDEN, MAY 27-JUN 03, 2018}},
Organization = {{IEEE; Assoc Comp Machinery; IEEE Comp Soc; Microsoft Res}},
DOI = {{10.1145/3183440.3183495}},
ISSN = {{2574-1926}},
ISBN = {{978-1-4503-5663-3}},
ResearcherID-Numbers = {{Sanchez-Gomez, Nicolas/K-3758-2014}},
Unique-ID = {{WOS:000450109000017}},
}

@inproceedings{ WOS:000651313500158,
Author = {Gao, Zhipeng},
Book-Group-Author = {{IEEE Comp Soc}},
Title = {{When Deep Learning Meets Smart Contracts}},
Booktitle = {{2020 35TH IEEE/ACM INTERNATIONAL CONFERENCE ON AUTOMATED SOFTWARE
   ENGINEERING (ASE 2020)}},
Series = {{IEEE ACM International Conference on Automated Software Engineering}},
Year = {{2020}},
Pages = {{1400-1402}},
Note = {{35th IEEE/ACM International Conference on Automated Software Engineering
   (ASE), ELECTR NETWORK, SEP 21-25, 2020}},
Organization = {{IEEE; Assoc Comp Machinery; IEEE Comp Soc; Monash Univ; NASA Ames Rese
   Ctr; IEEE Tech Council Software Engn; ACM SIGAI; ACM Special Interest
   Grp Software Engn; Deakin Univ}},
DOI = {{10.1145/3324884.3418918}},
ISSN = {{1527-1366}},
ISBN = {{978-1-4503-6768-4}},
Unique-ID = {{WOS:000651313500158}},
}

@inproceedings{ WOS:000662832600005,
Author = {Ma, Rui and Jian, Zefeng and Chen, Guangyuan and Ma, Ke and Chen, Yujia},
Editor = {{Han, W and Zhu, L and Yan, F}},
Title = {{ReJection: A AST-Based Reentrancy Vulnerability Detection Method}},
Booktitle = {{TRUSTED COMPUTING AND INFORMATION SECURITY, CTCIS 2019}},
Series = {{Communications in Computer and Information Science}},
Year = {{2020}},
Volume = {{1149}},
Pages = {{58-71}},
Note = {{13th Chinese Conference on Trusted Computing and Information Security
   (CTCIS), Shanghai, PEOPLES R CHINA, OCT 24-27, 2019}},
Organization = {{China Comp Federat; Fudan Univ}},
DOI = {{10.1007/978-981-15-3418-8\_5}},
ISSN = {{1865-0929}},
EISSN = {{1865-0937}},
ISBN = {{978-981-15-3418-8; 978-981-15-3417-1}},
Unique-ID = {{WOS:000662832600005}},
}

@inproceedings{ WOS:000454741800002,
Author = {Tikhomirov, Sergei and Voskresenskaya, Ekaterina and Ivanitskiy, Ivan
   and Takhaviev, Ramil and Marchenko, Evgeny and Alexandrov, Yaroslav},
Book-Group-Author = {{IEEE}},
Title = {{SmartCheck: Static Analysis of Ethereum Smart Contracts}},
Booktitle = {{2018 IEEE/ACM 1ST INTERNATIONAL WORKSHOP ON EMERGING TRENDS IN SOFTWARE
   ENGINEERING FOR BLOCKCHAIN (WETSEB)}},
Year = {{2018}},
Pages = {{9-16}},
Note = {{1st ACM/IEEE International Workshop on Emerging Trends in Software
   Engineering for Blockchain (WETSEB), Gothenburg, SWEDEN, MAY 27-JUN 03,
   2018}},
Organization = {{Assoc Comp Machinery; IEEE Comp Soc; Assoc Comp Machinery Special
   Interest Grp Software Engn; IEEE Tech Council Software Engn; IEEE}},
DOI = {{10.1145/3194113.3194115}},
ISBN = {{978-1-4503-5726-5}},
ResearcherID-Numbers = {{Sanchez-Gomez, Nicolas/K-3758-2014}},
Unique-ID = {{WOS:000454741800002}},
}

@article{ WOS:000497160500098,
Author = {Huang, Yongfeng and Bian, Yiyang and Li, Renpu and Zhao, J. Leon and
   Shi, Peizhong},
Title = {{Smart Contract Security: A Software Lifecycle Perspective}},
Journal = {{IEEE ACCESS}},
Year = {{2019}},
Volume = {{7}},
Pages = {{150184-150202}},
DOI = {{10.1109/ACCESS.2019.2946988}},
ISSN = {{2169-3536}},
ResearcherID-Numbers = {{Zhao, J. Leon/A-3921-2008}},
Unique-ID = {{WOS:000497160500098}},
}

@article{ WOS:000478981200005,
Author = {Dingman, Wesley and Cohen, Aviel and Ferrara, Nick and Lynch, Adam and
   Jasinski, Patrick and Black, Paul E. and Deng, Lin},
Title = {{Defects and Vulnerabilities in Smart Contracts, a Classification using
   the NIST Bugs Framework}},
Journal = {{INTERNATIONAL JOURNAL OF NETWORKED AND DISTRIBUTED COMPUTING}},
Year = {{2019}},
Volume = {{7}},
Number = {{3}},
Pages = {{121-132}},
Month = {{AUG}},
DOI = {{10.2991/ijndc.k.190710.003}},
ISSN = {{2211-7938}},
EISSN = {{2211-7946}},
ResearcherID-Numbers = {{Ferrara, Nicola/A-2904-2014}},
ORCID-Numbers = {{Ferrara, Nicola/0000-0001-8200-4942}},
Unique-ID = {{WOS:000478981200005}},
}

@inproceedings{ WOS:000571457400021,
Author = {Dingman, Wesley and Cohen, Aviel and Ferrara, Nick and Lynch, Adam and
   Jasinski, Patrick and Black, Paul E. and Deng, Lin},
Editor = {{Song, YT and Acharya, S and Nguyen, NP}},
Title = {{Classification of Smart Contract Bugs Using the NIST Bugs Framework}},
Booktitle = {{2019 IEEE/ACIS 17TH INTERNATIONAL CONFERENCE ON SOFTWARE ENGINEERING
   RESEARCH, MANAGEMENT AND APPLICATIONS (SERA)}},
Year = {{2019}},
Pages = {{116-123}},
Note = {{IEEE/ACIS 17th International Conference on Software Engineering
   Research, Management and Applications (SERA), Honolulu, HI, MAY 29-31,
   2019}},
Organization = {{IEEE; IEEE Comp Soc; Int Assoc Comp \& Informat Sci; Yunnan Univ}},
ISBN = {{978-1-7281-0798-1}},
ResearcherID-Numbers = {{Ferrara, Nicola/A-2904-2014}},
ORCID-Numbers = {{Ferrara, Nicola/0000-0001-8200-4942}},
Unique-ID = {{WOS:000571457400021}},
}

@article{ WOS:000672462600013,
Author = {Lopez Vivar, Antonio and Sandoval Orozco, Ana Lucila and Garcia
   Villalba, Luis Javier},
Title = {{A security framework for Ethereum smart contracts}},
Journal = {{COMPUTER COMMUNICATIONS}},
Year = {{2021}},
Volume = {{172}},
Pages = {{119-129}},
Month = {{APR 15}},
DOI = {{10.1016/j.comcom.2021.03.008}},
ISSN = {{0140-3664}},
EISSN = {{1873-703X}},
ResearcherID-Numbers = {{Garcia Villalba, Luis Javier/N-4631-2014}},
ORCID-Numbers = {{Garcia Villalba, Luis Javier/0000-0001-7573-6272}},
Unique-ID = {{WOS:000672462600013}},
}

@article{ WOS:000591303900040,
Author = {He, Daojing and Deng, Zhi and Zhang, Yuxing and Chan, Sammy and Cheng,
   Yao and Guizani, Nadra},
Title = {{Smart Contract Vulnerability Analysis and Security Audit}},
Journal = {{IEEE NETWORK}},
Year = {{2020}},
Volume = {{34}},
Number = {{5}},
Pages = {{276-282}},
Month = {{SEP-OCT}},
DOI = {{10.1109/MNET.001.1900656}},
ISSN = {{0890-8044}},
EISSN = {{1558-156X}},
ORCID-Numbers = {{Deng, Zhi/0000-0002-7462-8410}},
Unique-ID = {{WOS:000591303900040}},
}

@inproceedings{ WOS:000542117600042,
Author = {Zhang, William and Ganesh, Vijay and Banescu, Sebastian and Pasos,
   Leodardo and Stewart, Steven},
Editor = {{Wolter, K and Schieferdecker, I and Gallina, B and Cukier, M and Natella, R and Ivaki, N and Laranjeiro, N}},
Title = {{MPro: Combining Static and Symbolic Analysis for Scalable Testing of
   Smart Contract}},
Booktitle = {{2019 IEEE 30TH INTERNATIONAL SYMPOSIUM ON SOFTWARE RELIABILITY
   ENGINEERING (ISSRE)}},
Series = {{Proceedings International Symposium on Software Reliability Engineering}},
Year = {{2019}},
Pages = {{456-462}},
Note = {{30th IEEE International Symposium on Software Reliability Engineering
   (ISSRE), Berlin, GERMANY, OCT 28-31, 2019}},
Organization = {{IEEE; IEEE Comp Soc; Bosch; Concordia; iRights Lab; German Testing Board
   e V; Verteilte Intelligente Systeme e V; IEEE Reliablil Soc}},
DOI = {{10.1109/ISSRE.2019.00052}},
ISSN = {{1071-9458}},
ISBN = {{978-1-7281-4982-0}},
ORCID-Numbers = {{Ganesh, Vijay/0000-0002-6029-2047}},
Unique-ID = {{WOS:000542117600042}},
}

@article{ WOS:000546538400002,
Author = {Xing, Cipai and Chen, Zhuorong and Chen, Lexin and Guo, Xiaojie and
   Zheng, Zibin and Li, Jin},
Title = {{A new scheme of vulnerability analysis in smart contract with machine
   learning}},
Journal = {{WIRELESS NETWORKS}},
DOI = {{10.1007/s11276-020-02379-z}},
Early-Access-Date = {{JUL 2020}},
ISSN = {{1022-0038}},
EISSN = {{1572-8196}},
Unique-ID = {{WOS:000546538400002}},
}

@inproceedings{ WOS:000630446300014,
Author = {Kim, Shinhae and Ryu, Sukyoung},
Book-Group-Author = {{IEEE}},
Title = {{Analysis of Blockchain Smart Contracts: Techniques and Insights}},
Booktitle = {{2020 IEEE SECURE DEVELOPMENT (SECDEV 2020)}},
Year = {{2020}},
Pages = {{65-73}},
Note = {{IEEE Secure Development (IEEE SecDev) Conference, ELECTR NETWORK, SEP
   28-30, 2020}},
Organization = {{IEEE Comp Soc; NSF; Cisco; Off Naval Res}},
DOI = {{10.1109/SecDev45635.2020.00026}},
ISBN = {{978-1-7281-8388-6}},
Unique-ID = {{WOS:000630446300014}},
}

@article{ WOS:000484100100001,
Author = {Lu, Ning and Wang, Bin and Zhang, Yongxin and Shi, Wenbo and Esposito,
   Christian},
Title = {{NeuCheck: A more practical Ethereum smart contract security analysis
   tool}},
Journal = {{SOFTWARE-PRACTICE \& EXPERIENCE}},
Year = {{2021}},
Volume = {{51}},
Number = {{10, SI}},
Pages = {{2065-2084}},
Month = {{OCT}},
DOI = {{10.1002/spe.2745}},
Early-Access-Date = {{AUG 2019}},
ISSN = {{0038-0644}},
EISSN = {{1097-024X}},
ResearcherID-Numbers = {{ESPOSITO, Christiancarmine/AAI-4626-2020
   }},
ORCID-Numbers = {{ESPOSITO, Christiancarmine/0000-0002-0085-0748
   Lu, ning/0000-0001-7325-7307}},
Unique-ID = {{WOS:000484100100001}},
}

@article{ WOS:000510400600001,
Author = {Fu, Menglin and Wu, Lifa and Hong, Zheng and Zhu, Feng and Sun, He and
   Feng, Wenbo},
Title = {{A Critical-Path-Coverage-Based Vulnerability Detection Method for Smart
   Contracts}},
Journal = {{IEEE ACCESS}},
Year = {{2019}},
Volume = {{7}},
Pages = {{147327-147344}},
DOI = {{10.1109/ACCESS.2019.2947146}},
ISSN = {{2169-3536}},
ORCID-Numbers = {{Menglin, Fu/0000-0003-2363-3233}},
Unique-ID = {{WOS:000510400600001}},
}

@article{ WOS:000462305100064,
Author = {Nizamuddin, Nishara and Hasan, Haya and Salah, Khaled and Iqbal, Razi},
Title = {{Blockchain-Based Framework for Protecting Author Royalty of Digital
   Assets}},
Journal = {{ARABIAN JOURNAL FOR SCIENCE AND ENGINEERING}},
Year = {{2019}},
Volume = {{44}},
Number = {{4}},
Pages = {{3849-3866}},
Month = {{APR}},
DOI = {{10.1007/s13369-018-03715-4}},
ISSN = {{2193-567X}},
EISSN = {{2191-4281}},
ResearcherID-Numbers = {{NIZAMUDDIN, NISHARA/AAZ-9855-2020}},
ORCID-Numbers = {{NIZAMUDDIN, NISHARA/0000-0002-8346-7161}},
Unique-ID = {{WOS:000462305100064}},
}

@article{ WOS:000672695700014,
Author = {Han, Yu and Ji, Tiantian and Wang, Zhongru and Liu, Hao and Jiang, Hai
   and Wang, Wendi and Cui, Xiang},
Title = {{An Adversarial Smart Contract Honeypot in Ethereum}},
Journal = {{CMES-COMPUTER MODELING IN ENGINEERING \& SCIENCES}},
Year = {{2021}},
Volume = {{128}},
Number = {{1}},
Pages = {{247-267}},
DOI = {{10.32604/cmes.2021.015809}},
ISSN = {{1526-1492}},
EISSN = {{1526-1506}},
Unique-ID = {{WOS:000672695700014}},
}

@inproceedings{ WOS:000680713300080,
Author = {Rodler, Michael and Li, Wenting and Karame, Ghassan O. and Davi, Lucas},
Book-Group-Author = {{Internet Soc}},
Title = {{Sereum: Protecting Existing Smart Contracts Against Re-Entrancy Attacks}},
Booktitle = {{26TH ANNUAL NETWORK AND DISTRIBUTED SYSTEM SECURITY SYMPOSIUM (NDSS
   2019)}},
Year = {{2019}},
Note = {{26th Annual Network and Distributed System Security Symposium (NDSS),
   San Diego, CA, FEB 24-27, 2019}},
DOI = {{10.14722/ndss.2019.23413}},
ISBN = {{978-1-891562-55-6}},
Unique-ID = {{WOS:000680713300080}},
}

@article{ WOS:000595994900001,
Author = {Kim, Ki Byung and Lee, Jonghyup},
Title = {{Automated Generation of Test Cases for Smart Contract Security Analyzers}},
Journal = {{IEEE ACCESS}},
Year = {{2020}},
Volume = {{8}},
Pages = {{209377-209392}},
DOI = {{10.1109/ACCESS.2020.3039990}},
ISSN = {{2169-3536}},
ORCID-Numbers = {{Lee, JongHyup/0000-0001-8122-3377}},
Unique-ID = {{WOS:000595994900001}},
}

@inproceedings{ WOS:000568240800003,
Author = {Zhang, Yuyao and Ma, Siqi and Li, Juanru and Li, Kailai and Nepal, Surya
   and Gu, Dawu},
Editor = {{Kontogiannis, K and Khomh, F and Chatzigeorgiou, A and Fokaefs, ME and Zhou, M}},
Title = {{SMARTSHIELD: Automatic Smart Contract Protection Made Easy}},
Booktitle = {{PROCEEDINGS OF THE 2020 IEEE 27TH INTERNATIONAL CONFERENCE ON SOFTWARE
   ANALYSIS, EVOLUTION, AND REENGINEERING (SANER `20)}},
Year = {{2020}},
Pages = {{23-34}},
Note = {{27th IEEE International Conference on Software Analysis, Evolution, and
   Reengineering (SANER), London, CANADA, FEB 18-21, 2020}},
Organization = {{IEEE; IEEE Comp Soc; Western Univ; IEEE Tech Council Software Engn}},
ISBN = {{978-1-7281-5143-4}},
Unique-ID = {{WOS:000568240800003}},
}

@inproceedings{ WOS:000448864200073,
Author = {Zhou, Ence and Hua, Song and Pi, Bingfeng and Sun, Jun and Nomura,
   Yashihide and Yamashita, Kazuhiro and Kurihara, Hidetoshi},
Book-Group-Author = {{IEEE}},
Title = {{Security Assurance for Smart Contract}},
Booktitle = {{2018 9TH IFIP INTERNATIONAL CONFERENCE ON NEW TECHNOLOGIES, MOBILITY AND
   SECURITY (NTMS)}},
Series = {{International Conference on New Technologies Mobility and Security}},
Year = {{2018}},
Note = {{9th IFIP International Conference on New Technologies, Mobility and
   Security (NTMS), Paris, FRANCE, FEB 26-28, 2018}},
Organization = {{IFIP TC6 5 Working Grp; IEEE; System X Inst Rech Technologique; LiP6;
   CNRS; TELECOM ParisTech; IEEE Commun Soc}},
ISSN = {{2157-4952}},
ISBN = {{978-1-5386-3662-6}},
ResearcherID-Numbers = {{Sanchez-Gomez, Nicolas/K-3758-2014}},
Unique-ID = {{WOS:000448864200073}},
}

@article{ WOS:000673738000001,
Author = {Ji, Suhwan and Kim, Dohyung and Im, Hyeonseung},
Title = {{Evaluating Countermeasures for Verifying the Integrity of Ethereum Smart
   Contract Applications}},
Journal = {{IEEE ACCESS}},
Year = {{2021}},
Volume = {{9}},
Pages = {{90029-90042}},
DOI = {{10.1109/ACCESS.2021.3091317}},
ISSN = {{2169-3536}},
Unique-ID = {{WOS:000673738000001}},
}

@inproceedings{ WOS:000570689200021,
Author = {Lai, Enmei and Luo, Wenjun},
Book-Group-Author = {{ACM}},
Title = {{Static Analysis of Integer Overflow of Smart Contracts in Ethereum}},
Booktitle = {{2020 4TH INTERNATIONAL CONFERENCE ON CRYPTOGRAPHY, SECURITY AND PRIVACY
   (ICCSP 2020)}},
Year = {{2020}},
Pages = {{110-115}},
Note = {{4th International Conference on Cryptography, Security and Privacy
   (ICCSP), Nanjing, PEOPLES R CHINA, JAN 10-12, 2020}},
DOI = {{10.1145/3377644.3377650}},
ISBN = {{978-1-4503-7744-7}},
Unique-ID = {{WOS:000570689200021}},
}

@inproceedings{ WOS:000689112100048,
Author = {Zhao, Hui and Su, Peng and Wei, Yihang and Gai, Keke and Qiu, Meikang},
Editor = {{Qiu, H and Zhang, C and Fei, Z and Qiu, M and Kung, SY}},
Title = {{GAN-Enabled Code Embedding for Reentrant Vulnerabilities Detection}},
Booktitle = {{KNOWLEDGE SCIENCE, ENGINEERING AND MANAGEMENT, PT III}},
Series = {{Lecture Notes in Artificial Intelligence}},
Year = {{2021}},
Volume = {{12817}},
Pages = {{585-597}},
Note = {{14th International Conference on Knowledge Science, Engineering, and
   Management (KSEM), Tokyo, JAPAN, AUG 14-16, 2021}},
Organization = {{Springer LNCS; Waseda Univ; N Amer Chinese Talents Assoc; Longxiang High
   Tech Grp Inc}},
DOI = {{10.1007/978-3-030-82153-1\_48}},
ISSN = {{0302-9743}},
EISSN = {{1611-3349}},
ISBN = {{978-3-030-82153-1; 978-3-030-82152-4}},
ResearcherID-Numbers = {{Gai, Keke/M-4857-2017}},
ORCID-Numbers = {{Gai, Keke/0000-0001-6784-0221}},
Unique-ID = {{WOS:000689112100048}},
}

@article{ WOS:000687462200004,
Author = {Xu, Yingjie and Hu, Gengran and You, Lin and Cao, Chengtang},
Title = {{A Novel Machine Learning-Based Analysis Model for Smart Contract
   Vulnerability}},
Journal = {{SECURITY AND COMMUNICATION NETWORKS}},
Year = {{2021}},
Volume = {{2021}},
Month = {{AUG 15}},
DOI = {{10.1155/2021/5798033}},
Article-Number = {{5798033}},
ISSN = {{1939-0114}},
EISSN = {{1939-0122}},
ORCID-Numbers = {{YOU, LIN/0000-0003-2049-8961
   Hu, Gengran/0000-0002-3061-2388}},
Unique-ID = {{WOS:000687462200004}},
}

@inproceedings{ WOS:000629086600116,
Author = {Yang, Zhen and Keung, Jacky and Zhang, Miao and Xiao, Yan and Huang,
   Yangyang and Hui, Tik},
Editor = {{Chan, WK and Claycomb, B and Takakura, H and Yang, JJ and Teranishi, Y and Towey, D and Segura, S and Shahriar, H and Reisman, S and Ahamed, SI}},
Title = {{Smart Contracts Vulnerability Auditing With Multi-Semantics}},
Booktitle = {{2020 IEEE 44TH ANNUAL COMPUTERS, SOFTWARE, AND APPLICATIONS CONFERENCE
   (COMPSAC 2020)}},
Series = {{Proceedings International Computer Software and Applications Conference}},
Year = {{2020}},
Pages = {{892-901}},
Note = {{44th Annual IEEE-Computer-Society International Conference on Computers,
   Software, and Applications (COMPSAC), ELECTR NETWORK, JUL 13-17, 2020}},
Organization = {{IEEE; IEEE Comp Soc}},
DOI = {{10.1109/COMPSAC48688.2020.0-153}},
ISSN = {{0730-3157}},
ISBN = {{978-1-7281-7303-0}},
ORCID-Numbers = {{Yang, Zhen/0000-0003-0670-4538
   ZHANG, Miao/0000-0001-9659-9393
   XIAO, Yan/0000-0002-2563-083X
   KEUNG, Jacky/0000-0002-3803-9600}},
Unique-ID = {{WOS:000629086600116}},
}

@inproceedings{ WOS:000671077600207,
Author = {Hao, Xiaohan and Ren, Wei and Zheng, Wenwen and Zhu, Tianqing},
Editor = {{Wang, GJ and Ko, R and Bhuiyan, MZA and Pan, Y}},
Title = {{SCScan: A SVM-based Scanning System for Vulnerabilities in Blockchain
   Smart Contracts}},
Booktitle = {{2020 IEEE 19TH INTERNATIONAL CONFERENCE ON TRUST, SECURITY AND PRIVACY
   IN COMPUTING AND COMMUNICATIONS (TRUSTCOM 2020)}},
Series = {{IEEE International Conference on Trust Security and Privacy in Computing
   and Communications}},
Year = {{2020}},
Pages = {{1598-1605}},
Note = {{19th IEEE International Conference on Trust, Security and Privacy in
   Computing and Communications (IEEE TrustCom), Guangzhou, PEOPLES R
   CHINA, DEC 29-JAN 01, 2020-2021}},
Organization = {{IEEE; IEEE Comp Soc}},
DOI = {{10.1109/TrustCom50675.2020.00221}},
ISSN = {{2324-898X}},
ISBN = {{978-1-6654-0392-4}},
Unique-ID = {{WOS:000671077600207}},
}

@inproceedings{ WOS:000538781300092,
Author = {Liu, Zhentian and Liu, Jing},
Editor = {{Getov, V and Gaudiot, JL and Yamai, N and Cimato, S and Chang, M and Teranishi, Y and Yang, JJ and Leong, HV and Shahriar, H and Takemoto, M and Towey, D and Takakura, H and Elci, A and Susumu and Puri, S}},
Title = {{Formal Verification of Blockchain Smart Contract based on Colored Petri
   Net Models}},
Booktitle = {{2019 IEEE 43RD ANNUAL COMPUTER SOFTWARE AND APPLICATIONS CONFERENCE
   (COMPSAC), VOL 2}},
Series = {{Proceedings International Computer Software and Applications Conference}},
Year = {{2019}},
Pages = {{555-560}},
Note = {{43rd IEEE-Computer-Society Annual International Computers, Software and
   Applications Conference (COMPSAC), Marquette Univ, Milwaukee, WI, JUL
   15-19, 2019}},
Organization = {{IEEE; IEEE Comp Soc; IEEE Future Direct}},
DOI = {{10.1109/COMPSAC.2019.10265}},
ISSN = {{0730-3157}},
ISBN = {{978-1-7281-2607-4}},
Unique-ID = {{WOS:000538781300092}},
}

@article{ WOS:000569172900008,
Author = {Almakhour, Mouhamad and Sliman, Layth and Samhat, Abed Ellatif and
   Mellouk, Abdelhamid},
Title = {{Verification of smart contracts: A survey}},
Journal = {{PERVASIVE AND MOBILE COMPUTING}},
Year = {{2020}},
Volume = {{67}},
Month = {{SEP}},
DOI = {{10.1016/j.pmcj.2020.101227}},
Article-Number = {{101227}},
ISSN = {{1574-1192}},
EISSN = {{1873-1589}},
ORCID-Numbers = {{SAMHAT, Abed Ellatif/0000-0002-1137-621X
   ALMAKHOUR, Mouhamad/0000-0002-8234-1145}},
Unique-ID = {{WOS:000569172900008}},
}

@inproceedings{ WOS:000668146200156,
Author = {Zhang, Mengya and Zhang, Xiaokuan and Zhang, Yinqian and Lin, Zhiqiang},
Book-Group-Author = {{USENIX Assoc}},
Title = {{TXSPECTOR: Uncovering Attacks in Ethereum from Transactions}},
Booktitle = {{PROCEEDINGS OF THE 29TH USENIX SECURITY SYMPOSIUM}},
Year = {{2020}},
Pages = {{2775-2792}},
Note = {{29th USENIX Security Symposium, ELECTR NETWORK, AUG 12-14, 2020}},
Organization = {{USENIX Assoc; Facebook; Microsoft; Salesforce; ByteDance; Cisco;
   Kaspersky; Baidu; Dropbox; Google; IBM; Intel; Qualcomm; ACM Queue;
   DMTF; FreeBSD Fdn}},
ISBN = {{978-1-939133-17-5}},
Unique-ID = {{WOS:000668146200156}},
}

@inproceedings{ WOS:000517102200060,
Author = {Akca, Sefa and Rajan, Ajitha and Peng, Chao},
Book-Group-Author = {{IEEE}},
Title = {{SolAnalyser: A Framework for Analysing and Testing Smart Contracts}},
Booktitle = {{2019 26TH ASIA-PACIFIC SOFTWARE ENGINEERING CONFERENCE (APSEC)}},
Series = {{Asia-Pacific Software Engineering Conference}},
Year = {{2019}},
Pages = {{482-489}},
Note = {{26th Asia-Pacific Software Engineering Conference (APSEC), Putrajaya,
   MALAYSIA, DEC 02-05, 2019}},
Organization = {{Univ Sains Malaysia; Univ Putra Malaysia; Univ Malaysia Terengganu;
   Malaysian Software Engn Interest Grp; Univ Teknologi Malaysia}},
DOI = {{10.1109/APSEC48747.2019.00071}},
ISSN = {{1530-1362}},
ISBN = {{978-1-7281-4648-5}},
Unique-ID = {{WOS:000517102200060}},
}

@inproceedings{ WOS:000505681100007,
Author = {Coblenz, Michael and Sunshine, Joshua and Aldrich, Jonathan and Myers,
   Brad A.},
Book-Group-Author = {{ACM}},
Title = {{Smarter Smart Contract Development Tools}},
Booktitle = {{2019 IEEE/ACM 2ND INTERNATIONAL WORKSHOP ON EMERGING TRENDS IN SOFTWARE
   ENGINEERING FOR BLOCKCHAIN (WETSEB 2019)}},
Year = {{2019}},
Pages = {{48-51}},
Note = {{IEEE/ACM 2nd International Workshop on Emerging Trends in Software
   Engineering for Blockchain (WETSEB), Montreal, CANADA, MAY 27, 2019}},
Organization = {{IEEE; Assoc Comp Machinery; IEEE Comp Soc}},
DOI = {{10.1109/WETSEB.2019.00013}},
ISBN = {{978-1-7281-2257-1}},
Unique-ID = {{WOS:000505681100007}},
}

@inproceedings{ WOS:000662554700006,
Author = {Khan, Zulfiqar Ali and Namin, Akbar Siami},
Editor = {{Wu, XT and Jermaine, C and Xiong, L and Hu, XH and Kotevska, O and Lu, SY and Xu, WJ and Aluru, S and Zhai, CX and Al-Masri, E and Chen, ZY and Saltz, J}},
Title = {{Ethereum Smart Contracts: Vulnerabilities and their Classifications}},
Booktitle = {{2020 IEEE INTERNATIONAL CONFERENCE ON BIG DATA (BIG DATA)}},
Series = {{IEEE International Conference on Big Data}},
Year = {{2020}},
Note = {{8th IEEE International Conference on Big Data (Big Data), ELECTR
   NETWORK, DEC 10-13, 2020}},
Organization = {{IEEE; IEEE Comp Soc; IBM; Ankura}},
DOI = {{10.1109/BigData50022.2020.9439088}},
ISSN = {{2639-1589}},
ISBN = {{978-1-7281-6251-5}},
Unique-ID = {{WOS:000662554700006}},
}

@article{ WOS:000618555900005,
Author = {Vacca, Anna and Di Sorbo, Andrea and Visaggio, Corrado A. and Canfora,
   Gerardo},
Title = {{A systematic literature review of blockchain and smart contract
   development: Techniques, tools, and open challenges}},
Journal = {{JOURNAL OF SYSTEMS AND SOFTWARE}},
Year = {{2021}},
Volume = {{174}},
Month = {{APR}},
DOI = {{10.1016/j.jss.2020.110891}},
Article-Number = {{110891}},
ISSN = {{0164-1212}},
EISSN = {{1873-1228}},
ORCID-Numbers = {{Di Sorbo, Andrea/0000-0002-3192-739X}},
Unique-ID = {{WOS:000618555900005}},
}

@inproceedings{ WOS:000691552500001,
Author = {Mi, Feng and Wang, Zhuoyi and Zhao, Chen and Guo, Jinghui and Ahmed,
   Fawaz and Khan, Latifur},
Book-Group-Author = {{IEEE}},
Title = {{VSCL: Automating Vulnerability Detection in Smart Contracts with Deep
   Learning}},
Booktitle = {{2021 IEEE INTERNATIONAL CONFERENCE ON BLOCKCHAIN AND CRYPTOCURRENCY
   (ICBC)}},
Year = {{2021}},
Note = {{3rd IEEE International Conference on Blockchain and Cryptocurrency (IEEE
   ICBC), ELECTR NETWORK, MAY 03-06, 2021}},
Organization = {{IEEE; IEEE Commun Soc; IBM; CSIRO, Data61}},
DOI = {{10.1109/ICBC51069.2021.9461050}},
ISBN = {{978-1-6654-3578-9}},
Unique-ID = {{WOS:000691552500001}},
}

@inproceedings{ WOS:000675825200081,
Author = {Pierro, Giuseppe Antonio},
Book-Group-Author = {{IEEE Comp Soc}},
Title = {{Smart-Graph: Graphical Representations for Smart Contract on the
   Ethereum Blockchain}},
Booktitle = {{2021 IEEE INTERNATIONAL CONFERENCE ON SOFTWARE ANALYSIS, EVOLUTION AND
   REENGINEERING (SANER 2021)}},
Year = {{2021}},
Pages = {{708-714}},
Note = {{28th IEEE International Conference on Software Analysis, Evolution and
   Reengineering (SANER), ELECTR NETWORK, MAR 09-12, 2021}},
Organization = {{IEEE; IEEE Comp Soc; IEEE Tech Council Software Engn}},
DOI = {{10.1109/SANER50967.2021.00090}},
ISBN = {{978-1-7281-9630-5}},
Unique-ID = {{WOS:000675825200081}},
}

@article{ WOS:000705870200001,
Author = {Alkhalifah, Ayman and Ng, Alex and Watters, Paul A. and Kayes, A. S. M.},
Title = {{A Mechanism to Detect and Prevent Ethereum Blockchain Smart Contract
   Reentrancy Attacks}},
Journal = {{FRONTIERS IN COMPUTER SCIENCE}},
Year = {{2021}},
Volume = {{3}},
Month = {{FEB 17}},
DOI = {{10.3389/fcomp.2021.598780}},
Article-Number = {{598780}},
EISSN = {{2624-9898}},
ORCID-Numbers = {{Kayes, A. S. M./0000-0002-2421-2214}},
Unique-ID = {{WOS:000705870200001}},
}

@article{ WOS:000703327100001,
Author = {Ali, Amir and Ul Abideen, Zain and Ullah, Kalim},
Title = {{SESCon: Secure Ethereum Smart Contracts by Vulnerable Patterns'
   Detection}},
Journal = {{SECURITY AND COMMUNICATION NETWORKS}},
Year = {{2021}},
Volume = {{2021}},
Month = {{SEP 21}},
DOI = {{10.1155/2021/2897565}},
Article-Number = {{2897565}},
ISSN = {{1939-0114}},
EISSN = {{1939-0122}},
Unique-ID = {{WOS:000703327100001}},
}

@article{ WOS:000685204500074,
Author = {Wang, Shuai and Zhang, Chengyu and Su, Zhendong},
Title = {{Detecting Nondeterministic Payment Bugs in Ethereum Smart Contracts}},
Journal = {{PROCEEDINGS OF THE ACM ON PROGRAMMING LANGUAGES-PACMPL}},
Year = {{2019}},
Volume = {{3}},
Month = {{OCT}},
DOI = {{10.1145/3360615}},
Article-Number = {{189}},
EISSN = {{2475-1421}},
Unique-ID = {{WOS:000685204500074}},
}

@article{ WOS:000580403500006,
Author = {Yu, Xiao Liang and Al-Bataineh, Omar and Lo, David and Roychoudhury,
   Abhik},
Title = {{Smart Contract Repair}},
Journal = {{ACM TRANSACTIONS ON SOFTWARE ENGINEERING AND METHODOLOGY}},
Year = {{2020}},
Volume = {{29}},
Number = {{4}},
Month = {{OCT}},
DOI = {{10.1145/3402450}},
Article-Number = {{27}},
ISSN = {{1049-331X}},
EISSN = {{1557-7392}},
ResearcherID-Numbers = {{Lo, David/A-2493-2012}},
ORCID-Numbers = {{Lo, David/0000-0002-4367-7201}},
Unique-ID = {{WOS:000580403500006}},
}

@inproceedings{ WOS:000503498000035,
Author = {Kolluri, Aashish and Nikolic, Ivica and Sergey, Ilya and Hobor, Aquinas
   and Saxena, Prateek},
Editor = {{Zhang, DM and Moller, A}},
Title = {{Exploiting the Laws of Order in Smart Contracts}},
Booktitle = {{PROCEEDINGS OF THE 28TH ACM SIGSOFT INTERNATIONAL SYMPOSIUM ON SOFTWARE
   TESTING AND ANALYSIS (ISSTA `19)}},
Year = {{2019}},
Pages = {{363-373}},
Note = {{28th ACM SIGSOFT International Symposium on Software Testing and
   Analysis (ISSTA), Beijing, PEOPLES R CHINA, JUL 15-19, 2019}},
Organization = {{Assoc Comp Machinery; ACM SIGSOFT; Microsoft Res; DiDi; Google; Huawei;
   MoocTest; Facebook; Fujitsu; Sourcebrella; UCLouvain}},
DOI = {{10.1145/3293882.3330560}},
ISBN = {{978-1-4503-6224-5}},
ORCID-Numbers = {{Sergey, Ilya/0000-0003-4250-5392}},
Unique-ID = {{WOS:000503498000035}},
}

@article{ WOS:000562082100001,
Author = {Pustisek, Matevz and Turk, Jan and Kos, Andrej},
Title = {{Secure Modular Smart Contract Platform for Multi-Tenant 5G Applications}},
Journal = {{IEEE ACCESS}},
Year = {{2020}},
Volume = {{8}},
Pages = {{150626-150646}},
DOI = {{10.1109/ACCESS.2020.3013402}},
ISSN = {{2169-3536}},
ORCID-Numbers = {{Turk, Jan/0000-0001-7822-5267}},
Unique-ID = {{WOS:000562082100001}},
}

@article{ WOS:000701166800009,
Author = {Praitheeshan, Purathani and Pan, Lei and Zheng, Xi and Jolfaei, Alireza
   and Doss, Robin},
Title = {{SolGuard: Preventing external call issues in smart contract-based
   multi-agent robotic systems}},
Journal = {{INFORMATION SCIENCES}},
Year = {{2021}},
Volume = {{579}},
Pages = {{150-166}},
Month = {{NOV}},
DOI = {{10.1016/j.ins.2021.08.007}},
ISSN = {{0020-0255}},
EISSN = {{1872-6291}},
ORCID-Numbers = {{Jolfaei, Alireza/0000-0001-7818-459X
   zheng, xi/0000-0002-2572-2355}},
Unique-ID = {{WOS:000701166800009}},
}

@article{ WOS:000612229800006,
Author = {Hu, Teng and Liu, Xiaolei and Chen, Ting and Zhang, Xiaosong and Huang,
   Xiaoming and Niu, Weina and Lu, Jiazhong and Zhou, Kun and Liu, Yuan},
Title = {{Transaction-based classification and detection approach for Ethereum
   smart contract}},
Journal = {{INFORMATION PROCESSING \& MANAGEMENT}},
Year = {{2021}},
Volume = {{58}},
Number = {{2}},
Month = {{MAR}},
DOI = {{10.1016/j.ipm.2020.102462}},
Article-Number = {{102462}},
ISSN = {{0306-4573}},
EISSN = {{1873-5371}},
Unique-ID = {{WOS:000612229800006}},
}

@inproceedings{ WOS:000573279300032,
Author = {Quoc-Bao Nguyen and Nguyen, Anh-Quynh and Van-Hoa Nguyen and Thanh
   Nguyen-Le and Khuong Nguyen-An},
Editor = {{Dang, TK and Kung, J and Takizawa, M and Bui, SH}},
Title = {{Detect Abnormal Behaviours in Ethereum Smart Contracts Using Attack
   Vectors}},
Booktitle = {{FUTURE DATA AND SECURITY ENGINEERING (FDSE 2019)}},
Series = {{Lecture Notes in Computer Science}},
Year = {{2019}},
Volume = {{11814}},
Pages = {{485-505}},
Note = {{6th International Conference on Future Data and Security Engineering
   (FDSE), Telecommunicat Univ, Nha Trang City, VIETNAM, NOV 27-29, 2019}},
DOI = {{10.1007/978-3-030-35653-8\_32}},
ISSN = {{0302-9743}},
EISSN = {{1611-3349}},
ISBN = {{978-3-030-35653-8; 978-3-030-35652-1}},
ORCID-Numbers = {{Nguyen - An, Khuong/0000-0002-9910-6387}},
Unique-ID = {{WOS:000573279300032}},
}

@article{ WOS:000510648800015,
Author = {Shishkin, E.},
Title = {{Debugging Smart Contract's Business Logic Using Symbolic Model Checking}},
Journal = {{PROGRAMMING AND COMPUTER SOFTWARE}},
Year = {{2019}},
Volume = {{45}},
Number = {{8}},
Pages = {{590-599}},
Month = {{DEC}},
DOI = {{10.1134/S0361768819080164}},
ISSN = {{0361-7688}},
EISSN = {{1608-3261}},
Unique-ID = {{WOS:000510648800015}},
}

@inproceedings{ WOS:000509760700168,
Author = {Torres, Christof Ferreira and Baden, Mathis and Norvill, Robert and
   Jonker, Hugo},
Book-Group-Author = {{ACM}},
Title = {{Poster: AEGIS: Smart Shielding of Smart Contracts}},
Booktitle = {{PROCEEDINGS OF THE 2019 ACM SIGSAC CONFERENCE ON COMPUTER AND
   COMMUNICATIONS SECURITY (CCS'19)}},
Year = {{2019}},
Pages = {{2589-2591}},
Note = {{ACM SIGSAC Conference on Computer and Communications Security (CCS),
   London, ENGLAND, NOV 11-15, 2019}},
Organization = {{Assoc Comp Machinery; ACM SIGSAC}},
DOI = {{10.1145/3319535.3363263}},
ISBN = {{978-1-4503-6747-9}},
Unique-ID = {{WOS:000509760700168}},
}

@inproceedings{ WOS:000485139900078,
Author = {Breidenbach, Lorenz and Daian, Philip and Tramer, Florian and Juels, Ari},
Book-Group-Author = {{USENIX Assoc}},
Title = {{Enter the Hydra: Towards Principled Bug Bounties and Exploit-Resistant
   Smart Contracts}},
Booktitle = {{PROCEEDINGS OF THE 27TH USENIX SECURITY SYMPOSIUM}},
Year = {{2018}},
Pages = {{1335-1352}},
Note = {{27th USENIX Security Symposium, Baltimore, MD, AUG 15-17, 2018}},
Organization = {{Usenix Assoc; Facebook; NSF; Baidu; Google; Dropbox; Microsoft; NetApp;
   Private Internet Access}},
ISBN = {{978-1-939133-04-5}},
Unique-ID = {{WOS:000485139900078}},
}

@inproceedings{ WOS:000481634500148,
Author = {Dika, Ardit and Nowostawski, Mariusz},
Book-Group-Author = {{IEEE}},
Title = {{Security Vulnerabilities in Ethereum Smart Contracts}},
Booktitle = {{IEEE 2018 INTERNATIONAL CONGRESS ON CYBERMATICS / 2018 IEEE CONFERENCES
   ON INTERNET OF THINGS, GREEN COMPUTING AND COMMUNICATIONS, CYBER,
   PHYSICAL AND SOCIAL COMPUTING, SMART DATA, BLOCKCHAIN, COMPUTER AND
   INFORMATION TECHNOLOGY}},
Year = {{2018}},
Pages = {{955-962}},
Note = {{IEEE International Congress on Cybermatics / IEEE Conferences on
   Internet of Things, Green Computing and Communications, Cyber, Physical
   and Social Computing, Smart Data, Blockchain, Computer and Information
   Technology, Halifax, CANADA, JUL 30-AUG 03, 2018}},
Organization = {{IEEE; IEEE Comp Soc}},
DOI = {{10.1109/Cybermatics\_2018.2018.00182}},
ISBN = {{978-1-5386-7975-3}},
Unique-ID = {{WOS:000481634500148}},
}

@inproceedings{ WOS:000693400500011,
Author = {Liu, Han and Yang, Zhiqiang and Jiang, Yu and Zhao, Wenqi and Sun,
   Jiaguang},
Book-Group-Author = {{IEEE COMP SOC}},
Title = {{Enabling Clone Detection For Ethereum via Smart Contract Birthmarks}},
Booktitle = {{2019 IEEE/ACM 27TH INTERNATIONAL CONFERENCE ON PROGRAM COMPREHENSION
   (ICPC 2019)}},
Series = {{International Conference on Program Comprehension}},
Year = {{2019}},
Pages = {{105-115}},
Note = {{27th IEEE/ACM International Conference on Program Comprehension (ICPC),
   Montreal, CANADA, MAY 25, 2019}},
Organization = {{IEEE; Assoc Comp Machinery; Concordia Univ; Tourisme Montreal}},
DOI = {{10.1109/ICPC.2019.00024}},
ISSN = {{1092-8138}},
ISBN = {{978-1-7281-1519-1}},
Unique-ID = {{WOS:000693400500011}},
}

@inproceedings{ WOS:000491481600004,
Author = {Grishchenko, Ilya and Maffei, Matteo and Schneidewind, Clara},
Editor = {{Chockler, H and Weissenbacher, G}},
Title = {{Foundations and Tools for the Static Analysis of Ethereum Smart
   Contracts}},
Booktitle = {{COMPUTER AIDED VERIFICATION (CAV 2018), PT I}},
Series = {{Lecture Notes in Computer Science}},
Year = {{2018}},
Volume = {{10981}},
Pages = {{51-78}},
Note = {{30th International Conference on Computer-Aided Verification (CAV) Held
   as Part of the Federated Logic Conference (FloC), Oxford, ENGLAND, JUL
   14-17, 2018}},
DOI = {{10.1007/978-3-319-96145-3\_4}},
ISSN = {{0302-9743}},
EISSN = {{1611-3349}},
ISBN = {{978-3-319-96145-3; 978-3-319-96144-6}},
Unique-ID = {{WOS:000491481600004}},
}

@inproceedings{ WOS:000469754100054,
Author = {Ma, Fuchen and Fu, Ying and Ren, Meng and Wang, Mingzhe and Jiang, Yu
   and Zhang, Kaixiang and Li, Huizhong and Shi, Xiang},
Editor = {{Wang, X and Lo, D and Shihab, E}},
Title = {{EVM{*}: From Offline Detection to Online Reinforcement for Ethereum
   Virtual Machine}},
Booktitle = {{2019 IEEE 26TH INTERNATIONAL CONFERENCE ON SOFTWARE ANALYSIS, EVOLUTION
   AND REENGINEERING (SANER)}},
Year = {{2019}},
Pages = {{554-558}},
Note = {{26th IEEE International Conference on Software Analysis, Evolution and
   Reengineering (SANER), Hangzhou, PEOPLES R CHINA, FEB 24-27, 2019}},
Organization = {{IEEE; IEEE Comp Soc; IEEE Comp Soc, Tech Council Software Engn; Zhejiang
   Univ}},
ISBN = {{978-1-7281-0591-8}},
Unique-ID = {{WOS:000469754100054}},
}

@article{ WOS:000658372100018,
Author = {Ma, Fuchen and Ren, Meng and Fu, Ying and Wang, Mingzhe and Li, Huizhong
   and Song, Houbing and Jiang, Yu},
Title = {{Security reinforcement for Ethereum virtual machine}},
Journal = {{INFORMATION PROCESSING \& MANAGEMENT}},
Year = {{2021}},
Volume = {{58}},
Number = {{4}},
Month = {{JUL}},
DOI = {{10.1016/j.ipm.2021.102565}},
Article-Number = {{102565}},
ISSN = {{0306-4573}},
EISSN = {{1873-5371}},
ResearcherID-Numbers = {{Song, Houbing/E-3628-2010}},
ORCID-Numbers = {{Song, Houbing/0000-0003-2631-9223}},
Unique-ID = {{WOS:000658372100018}},
}

@inproceedings{ WOS:000652529800045,
Author = {Hwang, Sungjae and Ryu, Sukyoung},
Book-Group-Author = {{IEEE Comp Soc}},
Title = {{Gap between Theory and Practice : An Empirical Study of Security Patches
   in Solidity}},
Booktitle = {{2020 ACM/IEEE 42ND INTERNATIONAL CONFERENCE ON SOFTWARE ENGINEERING
   (ICSE 2020)}},
Series = {{International Conference on Software Engineering}},
Year = {{2020}},
Pages = {{542-553}},
Note = {{42nd ACM/IEEE International Conference on Software Engineering -
   Companion Proceedings (ICSE-Companion), ELECTR NETWORK, JUN 27-JUL 19,
   2020}},
Organization = {{Assoc Comp Machinery; IEEE; IEEE Comp Soc; IEEE Comp Soc Tech Comm
   Software Engn; ACM Special Interest Grp Software Engn; Korean Inst
   Informat Scientists \& Engineers; Natl Sci Fdn; Facebook; N Carolina
   State Univ; Microsoft; Samsung; LG Elect; KAIST; SK Hynix; NAVER;
   Suresoft; HITACHI; Google}},
DOI = {{10.1145/3377811.3380424}},
ISSN = {{0270-5257}},
ISBN = {{978-1-4503-7121-6}},
Unique-ID = {{WOS:000652529800045}},
}

@inproceedings{ WOS:000607199300009,
Author = {Gupta, Rajesh and Shukla, Arpit and Tanwar, Sudeep},
Book-Group-Author = {{IEEE}},
Title = {{AaYusH: A Smart Contract-based Telesurgery System for Healthcare 4.0}},
Booktitle = {{2020 IEEE INTERNATIONAL CONFERENCE ON COMMUNICATIONS WORKSHOPS (ICC
   WORKSHOPS)}},
Series = {{IEEE International Conference on Communications Workshops}},
Year = {{2020}},
Note = {{IEEE International Conference on Communications (IEEE ICC) / Workshop on
   NOMA for 5G and Beyond, ELECTR NETWORK, JUN 07-11, 2020}},
Organization = {{IEEE; Huawei; ZTE; Qualcomm}},
ISSN = {{2164-7038}},
ISBN = {{978-1-7281-7440-2}},
ResearcherID-Numbers = {{Shukla, Arpit/AAN-2855-2021
   Tanwar, Sudeep/AAI-6709-2020
   Gupta, Rajesh/AAC-8353-2020}},
ORCID-Numbers = {{Tanwar, Sudeep/0000-0002-1776-4651
   Gupta, Rajesh/0000-0003-3298-4238}},
Unique-ID = {{WOS:000607199300009}},
}

@inproceedings{ WOS:000445805600011,
Author = {Mavridou, Anastasia and Laszka, Aron},
Editor = {{Bauer, L and Kusters, R}},
Title = {{Tool Demonstration: FSolidM for Designing Secure Ethereum Smart
   Contracts}},
Booktitle = {{PRINCIPLES OF SECURITY AND TRUST, POST 2018}},
Series = {{Lecture Notes in Computer Science}},
Year = {{2018}},
Volume = {{10804}},
Pages = {{270-277}},
Note = {{7th International Conference on Principles of Security and Trust (POST)
   Held as Part of the 21st European Joint Conferences on Theory and
   Practice of Software (ETAPS), Thessaloniki, GREECE, APR 14-20, 2018}},
DOI = {{10.1007/978-3-319-89722-6\_11}},
ISSN = {{0302-9743}},
EISSN = {{1611-3349}},
ISBN = {{978-3-319-89722-6; 978-3-319-89721-9}},
ResearcherID-Numbers = {{Sanchez-Gomez, Nicolas/K-3758-2014
   Laszka, Aron/AAA-2038-2020}},
ORCID-Numbers = {{Laszka, Aron/0000-0001-7400-2357}},
Unique-ID = {{WOS:000445805600011}},
}

@inproceedings{ WOS:000540656400028,
Author = {Mavridou, Anastasia and Laszka, Aron},
Editor = {{Meiklejohn, S and Sako, K}},
Title = {{Designing Secure Ethereum Smart Contracts: A Finite State Machine Based
   Approach}},
Booktitle = {{FINANCIAL CRYPTOGRAPHY AND DATA SECURITY, FC 2018}},
Series = {{Lecture Notes in Computer Science}},
Year = {{2018}},
Volume = {{10957}},
Pages = {{523-540}},
Note = {{22nd International Conference on Financial Cryptography and Data
   Security (FC), Nieuwpoort, CURACAO, FEB 26-MAR 02, 2018}},
Organization = {{Blockchain Inst; Ethereum Fdn; Zcash; Kadena; Maker; Protocol Labs;
   BANEX; Blockstream; Chia; Journal Cybersecur; Mosaic; TrueBit; WorldPay}},
DOI = {{10.1007/978-3-662-58387-6\_28}},
ISSN = {{0302-9743}},
EISSN = {{1611-3349}},
ISBN = {{978-3-662-58387-6; 978-3-662-58386-9}},
ORCID-Numbers = {{Laszka, Aron/0000-0001-7400-2357}},
Unique-ID = {{WOS:000540656400028}},
}

@inproceedings{ WOS:000648806200014,
Author = {Chen, Ting and Li, Zihao and Zhang, Yufei and Luo, Xiapu and Wang, Ting
   and Hu, Teng and Xiao, Xiuzhuo and Wang, Dong and Huang, Jin and Zhang,
   Xiaosong},
Book-Group-Author = {{IEEE}},
Title = {{A Large-Scale Empirical Study on Control Flow Identification of Smart
   Contracts}},
Booktitle = {{2019 13TH ACM/IEEE INTERNATIONAL SYMPOSIUM ON EMPIRICAL SOFTWARE
   ENGINEERING AND MEASUREMENT (ESEM 2019)}},
Series = {{International Symposium on Empirical Software Engineering and
   Measurement}},
Year = {{2019}},
Pages = {{106-116}},
Note = {{13th ACM/IEEE International Symposium on Empirical Software Engineering
   and Measurement (ESEM), Pernambuco, BRAZIL, SEP 19-20, 2019}},
Organization = {{IEEE; Assoc Comp Machinery; IEEE Comp Soc; Brazilian Comp Soc; CESAR
   Sch; State Pernambuco Fdn Sci \& Technol; Natl Council Sci \& Technol
   Dev, Brazilian Minist Sci, Technol, Innovat, \& Commun}},
ISSN = {{1938-6451}},
ISBN = {{978-1-7281-2968-6}},
Unique-ID = {{WOS:000648806200014}},
}

@inproceedings{ WOS:000553784500027,
Author = {Jiang, Bo and Liu, Ye and Chan, W. C.},
Editor = {{Huchard, M and Kastner, C and Fraser, G}},
Title = {{ContractFuzzer: Fuzzing Smart Contracts for Vulnerability Detection}},
Booktitle = {{PROCEEDINGS OF THE 2018 33RD IEEE/ACM INTERNATIONAL CONFERENCE ON
   AUTOMTED SOFTWARE ENGINEERING (ASE' 18)}},
Series = {{IEEE ACM International Conference on Automated Software Engineering}},
Year = {{2018}},
Pages = {{259-269}},
Note = {{33rd IEEE/ACM International Conference on Automated Software Engineering
   (ASE), Montpellier, FRANCE, SEP 03-07, 2018}},
Organization = {{IEEE; Assoc Comp Machinery; ACM SIGSOFT; ACM SIGAI; CNRS; IEEE CS;
   Huawei; Berger Levrault; Mobioos; Toyota InfoTechnol Ctr; Reg Occitanie;
   Inria; LIRMM; Univ Montpellier; Inst Mines Telecom Ecole Mines Telecom;
   Montpellier Univ Excellence; Investissements DAvenir}},
DOI = {{10.1145/3238147.3238177}},
ISSN = {{1527-1366}},
ISBN = {{978-1-4503-5937-5}},
Unique-ID = {{WOS:000553784500027}},
}

@inproceedings{ WOS:000617924900019,
Author = {Liu, Bowen and Sun, Siwei and Szalachowski, Pawel},
Book-Group-Author = {{IEEE}},
Title = {{SMACS: Smart Contract Access Control Service}},
Booktitle = {{2020 50TH ANNUAL IEEE/IFIP INTERNATIONAL CONFERENCE ON DEPENDABLE
   SYSTEMS AND NETWORKS (DSN 2020)}},
Series = {{International Conference on Dependable Systems and Networks}},
Year = {{2020}},
Pages = {{221-232}},
Note = {{50th IEEE/IFIP Annual International Conference on Dependable Systems and
   Networks (DSN), Valencia, SPAIN, JUN 29-JUL 02, 2020}},
Organization = {{IEEE; IFIP; IEEE Comp Soc; Intel; King Abdullah Univ Sci \& Technol;
   Oracle; Commonwealth Cyber Initiat; Univ Politecnica Valencia, DISCA;
   Univ Politecnica Valencia}},
DOI = {{10.1109/DSN48063.2020.00039}},
ISSN = {{1530-0889}},
ISBN = {{978-1-7281-5809-9}},
Unique-ID = {{WOS:000617924900019}},
}

@inproceedings{ WOS:000387820900011,
Author = {Luu, Loi and Chu, Duc-Hiep and Olickel, Hrishi and Saxena, Prateek and
   Hobor, Aquinas},
Book-Group-Author = {{ACM}},
Title = {{Making Smart Contracts Smarter}},
Booktitle = {{CCS'16: PROCEEDINGS OF THE 2016 ACM SIGSAC CONFERENCE ON COMPUTER AND
   COMMUNICATIONS SECURITY}},
Year = {{2016}},
Pages = {{254-269}},
Note = {{23rd ACM Conference on Computer and Communications Security (CCS),
   Vienna, AUSTRIA, OCT 24-28, 2016}},
Organization = {{Assoc Comp Machinery; ACM Special Interest Grp Secur Audit \& Control}},
DOI = {{10.1145/2976749.2978309}},
ISBN = {{978-1-4503-4139-4}},
ResearcherID-Numbers = {{Sanchez-Gomez, Nicolas/K-3758-2014}},
Unique-ID = {{WOS:000387820900011}},
}

@inproceedings{ WOS:000528931600050,
Author = {Ayoade, Gbadebo and Bauman, Erick and Khan, Latifur and Hamlen, Kevin W.},
Book-Group-Author = {{IEEE}},
Title = {{Smart Contract Defense Through Bytecode Rewriting}},
Booktitle = {{2019 IEEE INTERNATIONAL CONFERENCE ON BLOCKCHAIN (BLOCKCHAIN 2019)}},
Year = {{2019}},
Pages = {{384-389}},
Note = {{2nd IEEE International Conference on Blockchain (Blockchain), Atlanta,
   GA, JUL 14-17, 2019}},
Organization = {{IEEE; IEEE Tech Comm Scalable Comp; IEEE Comp Soc; IEEE Future Direct
   Comm}},
DOI = {{10.1109/Blockchain.2019.00059}},
ISBN = {{978-1-7281-4693-5}},
ResearcherID-Numbers = {{Khan, Latifur/AAE-8134-2021
   }},
ORCID-Numbers = {{Khan, Latifur/0000-0002-9300-1576}},
Unique-ID = {{WOS:000528931600050}},
}

@inproceedings{ WOS:000561703600033,
Author = {Momeni, Pouyan and Wang, Yu and Samavi, Reza},
Editor = {{Ghorbani, A and Ray, I and Lashkari, AH and Zhang, J and Lu, R}},
Title = {{Machine Learning Model for Smart Contracts Security Analysis}},
Booktitle = {{2019 17TH INTERNATIONAL CONFERENCE ON PRIVACY, SECURITY AND TRUST (PST)}},
Series = {{Annual Conference on Privacy Security and Trust-PST}},
Year = {{2019}},
Pages = {{272-277}},
Note = {{17th International Conference on Privacy, Security and Trust (PST),
   Fredericton, CANADA, AUG 26-28, 2019}},
Organization = {{IEEE; Atlantic Canada Opportunities Agcy; TD Bank; IEEE New Brunswick
   Sect; CyberNB; Ignite Fredericton; ARMIS}},
ISSN = {{1712-364X}},
ISBN = {{978-1-7281-3265-5}},
Unique-ID = {{WOS:000561703600033}},
}

@inproceedings{ WOS:000656861800038,
Author = {Lu, Siqi and Fan, Haopeng and Wang, Yongjuan and Mi, Huizhe and Qin,
   Ling},
Editor = {{Zheng, Z and Dai, HN and Tang, M and Chen, X}},
Title = {{Manual Audit for BitUnits Contracts}},
Booktitle = {{BLOCKCHAIN AND TRUSTWORTHY SYSTEMS, BLOCKSYS 2019}},
Series = {{Communications in Computer and Information Science}},
Year = {{2020}},
Volume = {{1156}},
Pages = {{476-482}},
Note = {{1st International Conference on Blockchain and Trustworthy Systems
   (BlockSys), Guangzhou, PEOPLES R CHINA, DEC 07-08, 2019}},
DOI = {{10.1007/978-981-15-2777-7\_38}},
ISSN = {{1865-0929}},
EISSN = {{1865-0937}},
ISBN = {{978-981-15-2777-7; 978-981-15-2776-0}},
Unique-ID = {{WOS:000656861800038}},
}

@article{ WOS:000697350100010,
Author = {Wang, Jitao and Sun, Guozi and Gu, Yu and Liu, Kun},
Title = {{ConGradetect: Blockchain-based detection of code and identity privacy
   vulnerabilities in crowdsourcing}},
Journal = {{JOURNAL OF SYSTEMS ARCHITECTURE}},
Year = {{2021}},
Volume = {{114}},
Month = {{MAR}},
DOI = {{10.1016/j.sysarc.2020.101910}},
Article-Number = {{101910}},
ISSN = {{1383-7621}},
EISSN = {{1873-6165}},
Unique-ID = {{WOS:000697350100010}},
}

@inproceedings{ WOS:000526389700066,
Author = {Gupta, Bishwas C. and Shukla, Sandeep K.},
Editor = {{Alsmirat, M and Jararweh, Y}},
Title = {{A Study of Inequality in the Ethereum Smart Contract Ecosystem}},
Booktitle = {{2019 SIXTH INTERNATIONAL CONFERENCE ON INTERNET OF THINGS: SYSTEMS,
   MANAGEMENT AND SECURITY (IOTSMS)}},
Year = {{2019}},
Pages = {{441-449}},
Note = {{6th International Conference on Internet of Things - Systems, Management
   and Security (IOTSMS), Granada, SPAIN, OCT 22-25, 2019}},
Organization = {{IEEE Spain Section; Univ Politrcnica Valencia; Univ Granada; Jordan Univ
   Technol; Graz Univ Technol; Staffordshire Univ; Escuela Tecnica Super
   Ingn Informatica \& Telecomunicac; Emergingtechnet org}},
ISBN = {{978-1-7281-2949-5}},
Unique-ID = {{WOS:000526389700066}},
}

@inproceedings{ WOS:000593830400174,
Author = {Kumari, Aparna and Shukla, Arpit and Gupta, Rajesh and Tanwar, Sudeep
   and Tyagi, Sudhanshu and Kumar, Neeraj},
Book-Group-Author = {{IEEE}},
Title = {{ET-DeaL: A P2P Smart Contract-based Secure Energy Trading Scheme for
   Smart Grid Systems}},
Booktitle = {{IEEE INFOCOM 2020 - IEEE CONFERENCE ON COMPUTER COMMUNICATIONS WORKSHOPS
   (INFOCOM WKSHPS)}},
Series = {{IEEE Conference on Computer Communications Workshops}},
Year = {{2020}},
Pages = {{1051-1056}},
Note = {{IEEE Conference on Computer Communications (IEEE INFOCOM), ELECTR
   NETWORK, JUL 06-09, 2020}},
Organization = {{IEEE}},
ISSN = {{2159-4228}},
ISBN = {{978-1-7281-8695-5}},
ResearcherID-Numbers = {{Gupta, Rajesh/AAC-8353-2020
   Tyagi, Sudhanshu/H-7437-2019
   Tanwar, Sudeep/AAI-6709-2020}},
ORCID-Numbers = {{Gupta, Rajesh/0000-0003-3298-4238
   Tyagi, Sudhanshu/0000-0002-2989-3098
   Tanwar, Sudeep/0000-0002-1776-4651}},
Unique-ID = {{WOS:000593830400174}},
}

@article{ WOS:000685939000001,
Author = {Wang, Yajing and He, Jingsha and Zhu, Nafei and Yi, Yuzi and Zhang,
   Qingqing and Song, Hongyu and Xue, Ruixin},
Title = {{Security enhancement technologies for smart contracts in the blockchain:
   A survey}},
Journal = {{TRANSACTIONS ON EMERGING TELECOMMUNICATIONS TECHNOLOGIES}},
DOI = {{10.1002/ett.4341}},
Early-Access-Date = {{AUG 2021}},
Article-Number = {{e4341}},
ISSN = {{2161-3915}},
Unique-ID = {{WOS:000685939000001}},
}

@article{ WOS:000575515300019,
Author = {Grech, Neville and Kong, Michael and Jurisevic, Anton and Brent, Lexi
   and Scholz, Bernhard and Smaragdakis, Yannis},
Title = {{MadMax: Analyzing the Out-of-Gas World of Smart Contracts}},
Journal = {{COMMUNICATIONS OF THE ACM}},
Year = {{2020}},
Volume = {{63}},
Number = {{10}},
Pages = {{87-95}},
Month = {{OCT}},
DOI = {{10.1145/3416262}},
ISSN = {{0001-0782}},
EISSN = {{1557-7317}},
ResearcherID-Numbers = {{Smaragdakis, Yannis/AAM-2851-2021}},
Unique-ID = {{WOS:000575515300019}},
}

@inproceedings{ WOS:000695315600002,
Author = {Ahmadjee, Sabreen and Mera-Gomez, Carlos and Bahsoon, Rami},
Book-Group-Author = {{IEEE COMP SOC}},
Title = {{Assessing Smart Contracts Security Technical Debts}},
Booktitle = {{2021 IEEE/ACM INTERNATIONAL CONFERENCE ON TECHNICAL DEBT (TECHDEBT 2021)}},
Year = {{2021}},
Pages = {{6-15}},
Note = {{4th IEEE/ACM International Conference on Technical Debt (TechDebt),
   ELECTR NETWORK, MAY 22-30, 2021}},
Organization = {{IEEE; Assoc Comp Machinery; IEEE Comp Soc}},
DOI = {{10.1109/TechDebt52882.2021.00010}},
ISBN = {{978-1-6654-1405-0}},
Unique-ID = {{WOS:000695315600002}},
}

@article{ WOS:000680892400029,
Author = {Wang, Wei and Song, Jingjing and Xu, Guangquan and Li, Yidong and Wang,
   Hao and Su, Chunhua},
Title = {{ContractWard: Automated Vulnerability Detection Models for Ethereum
   Smart Contracts}},
Journal = {{IEEE TRANSACTIONS ON NETWORK SCIENCE AND ENGINEERING}},
Year = {{2021}},
Volume = {{8}},
Number = {{2}},
Pages = {{1133-1144}},
Month = {{APR-JUN}},
DOI = {{10.1109/TNSE.2020.2968505}},
ISSN = {{2327-4697}},
ResearcherID-Numbers = {{Wang, Hao/B-3650-2019}},
ORCID-Numbers = {{WANG, WEI/0000-0002-5974-1589
   Wang, Hao/0000-0001-9301-5989}},
Unique-ID = {{WOS:000680892400029}},
}

@inproceedings{ WOS:000469455400001,
Author = {Yamashita, Kazuhiro and Nomura, Yoshihide and Zhou, Ence and Pi,
   Bingfeng and Jun, Sun},
Editor = {{Tonelli, R and Ducasse, S and Marchesi, M and Bracciali, A}},
Title = {{Potential Risks of Hyperledger Fabric Smart Contracts}},
Booktitle = {{2019 IEEE 2ND INTERNATIONAL WORKSHOP ON BLOCKCHAIN ORIENTED SOFTWARE
   ENGINEERING (IWBOSE)}},
Year = {{2019}},
Pages = {{1-10}},
Note = {{2nd IEEE International Workshop on Blockchain Oriented Software
   Engineering (IWBOSE), Hangzhou, PEOPLES R CHINA, FEB 24, 2019}},
Organization = {{IEEE; IEEE Comp Soc}},
ISBN = {{978-1-7281-1807-9}},
Unique-ID = {{WOS:000469455400001}},
}

@article{ WOS:000464107100001,
Author = {Hegedus, Peter},
Title = {{Towards Analyzing the Complexity Landscape of Solidity Based Ethereum
   Smart Contracts}},
Journal = {{TECHNOLOGIES}},
Year = {{2019}},
Volume = {{7}},
Number = {{1}},
Month = {{JAN 3}},
DOI = {{10.3390/technologies7010006}},
Article-Number = {{6}},
ISSN = {{2227-7080}},
ResearcherID-Numbers = {{Hegedus, Peter/ABA-8580-2021}},
ORCID-Numbers = {{Hegedus, Peter/0000-0003-4592-6504}},
Unique-ID = {{WOS:000464107100001}},
}

@inproceedings{ WOS:000454741800006,
Author = {Hegedus, Peter},
Book-Group-Author = {{IEEE}},
Title = {{Towards Analyzing the Complexity Landscape of Solidity Based Ethereum
   Smart Contracts}},
Booktitle = {{2018 IEEE/ACM 1ST INTERNATIONAL WORKSHOP ON EMERGING TRENDS IN SOFTWARE
   ENGINEERING FOR BLOCKCHAIN (WETSEB)}},
Year = {{2018}},
Pages = {{35-39}},
Note = {{1st ACM/IEEE International Workshop on Emerging Trends in Software
   Engineering for Blockchain (WETSEB), Gothenburg, SWEDEN, MAY 27-JUN 03,
   2018}},
Organization = {{Assoc Comp Machinery; IEEE Comp Soc; Assoc Comp Machinery Special
   Interest Grp Software Engn; IEEE Tech Council Software Engn; IEEE}},
DOI = {{10.1145/3194113.3194119}},
ISBN = {{978-1-4503-5726-5}},
ResearcherID-Numbers = {{Hegedus, Peter/ABA-8580-2021
   Sanchez-Gomez, Nicolas/K-3758-2014}},
ORCID-Numbers = {{Hegedus, Peter/0000-0003-4592-6504
   }},
Unique-ID = {{WOS:000454741800006}},
}

@inproceedings{ WOS:000614622300031,
Author = {Brent, Lexi and Grech, Neville and Lagouvardos, Sifis and Scholz,
   Bernhard and Smaragdakis, Yannis},
Editor = {{Donaldson, AF and Torlak, E}},
Title = {{Ethainter: A Smart Contract Security Analyzer for Composite
   Vulnerabilities}},
Booktitle = {{PROCEEDINGS OF THE 41ST ACM SIGPLAN CONFERENCE ON PROGRAMMING LANGUAGE
   DESIGN AND IMPLEMENTATION (PLDI `20)}},
Year = {{2020}},
Pages = {{454-469}},
Note = {{41st ACM SIGPLAN Conference on Programming Language Design and
   Implementation (PLDI), ELECTR NETWORK, JUN 15-20, 2020}},
Organization = {{Assoc Comp Machinery; ACM SIGPLAN}},
DOI = {{10.1145/3385412.3385990}},
ISBN = {{978-1-4503-7613-6}},
ResearcherID-Numbers = {{Smaragdakis, Yannis/AAM-2851-2021}},
Unique-ID = {{WOS:000614622300031}},
}

@inproceedings{ WOS:000693400500033,
Author = {Gao, Jianbo and Liu, Han and Li, Yue and Liu, Chao and Yang, Zhiqiang
   and Li, Qingshan and Guan, Zhi and Chen, Zhong},
Book-Group-Author = {{IEEE COMP SOC}},
Title = {{Towards Automated Testing of Blockchain-based Decentralized Applications}},
Booktitle = {{2019 IEEE/ACM 27TH INTERNATIONAL CONFERENCE ON PROGRAM COMPREHENSION
   (ICPC 2019)}},
Series = {{International Conference on Program Comprehension}},
Year = {{2019}},
Pages = {{294-299}},
Note = {{27th IEEE/ACM International Conference on Program Comprehension (ICPC),
   Montreal, CANADA, MAY 25, 2019}},
Organization = {{IEEE; Assoc Comp Machinery; Concordia Univ; Tourisme Montreal}},
DOI = {{10.1109/ICPC.2019.00048}},
ISSN = {{1092-8138}},
ISBN = {{978-1-7281-1519-1}},
Unique-ID = {{WOS:000693400500033}},
}

@inproceedings{ WOS:000621654000009,
Author = {Zhou, Zihan and Xiong, Yan and Huang, Wenchao and Ma, Lu},
Book-Group-Author = {{IEEE}},
Title = {{SPrune: A Code Pruning Tool for Ethereum Solidity Contract Static
   Analysis}},
Booktitle = {{2020 6TH INTERNATIONAL CONFERENCE ON BIG DATA COMPUTING AND
   COMMUNICATIONS (BIGCOM 2020)}},
Year = {{2020}},
Pages = {{66-70}},
Note = {{6th International Conference on Big Data Computing and Communications
   (BIGCOM), Deqing, PEOPLES R CHINA, JUL 24-25, 2020}},
DOI = {{10.1109/BigCom51056.2020.00015}},
ISBN = {{978-1-7281-8275-9}},
Unique-ID = {{WOS:000621654000009}},
}

@inproceedings{ WOS:000568594800023,
Author = {Min, Tian and Cai, Wei},
Book-Group-Author = {{IEEE}},
Title = {{A Security Case Study for Blockchain Games}},
Booktitle = {{2019 IEEE GAMES, ENTERTAINMENT, MEDIA CONFERENCE (GEM)}},
Year = {{2019}},
Note = {{IEEE Games, Entertainment, Media Conference (GEM), Yale Univ, New Haven,
   CT, JUN 18-21, 2019}},
Organization = {{IEEE}},
ISBN = {{978-1-7281-2404-9}},
Unique-ID = {{WOS:000568594800023}},
}

@article{ WOS:000688034000010,
Author = {Grech, Neville and Kong, Michael and Jurisevic, Anton and Brent, Lexi
   and Scholz, Bernhard and Smaragdakis, Yannis},
Title = {{MadMax: Surviving Out-of-Gas Conditions in Ethereum Smart Contracts}},
Journal = {{PROCEEDINGS OF THE ACM ON PROGRAMMING LANGUAGES-PACMPL}},
Year = {{2018}},
Volume = {{2}},
Month = {{NOV}},
DOI = {{10.1145/3276486}},
Article-Number = {{116}},
EISSN = {{2475-1421}},
Unique-ID = {{WOS:000688034000010}},
}

@inproceedings{ WOS:000526051100140,
Author = {Salah, K. and Alfalasi, A. and Alfalasi, M.},
Book-Group-Author = {{IEEE}},
Title = {{A Blockchain-based System for Online Consumer Reviews}},
Booktitle = {{IEEE CONFERENCE ON COMPUTER COMMUNICATIONS WORKSHOPS (IEEE INFOCOM 2019
   WKSHPS)}},
Series = {{IEEE Conference on Computer Communications Workshops}},
Year = {{2019}},
Pages = {{853-858}},
Note = {{IEEE Conference on Computer Communications (IEEE INFOCOM), Paris,
   FRANCE, APR 29-MAY 02, 2019}},
Organization = {{IEEE}},
ISSN = {{2159-4228}},
ISBN = {{978-1-7281-1878-9}},
Unique-ID = {{WOS:000526051100140}},
}

@inproceedings{ WOS:000647642100039,
Author = {Chinen, Yuchiro and Yanai, Naoto and Cruz, Jason Paul and Okamura,
   Shingo},
Book-Group-Author = {{IEEE Comp Soc}},
Title = {{RA: Hunting for Re-Entrancy Attacks in Ethereum Smart Contracts via
   Static Analysis}},
Booktitle = {{2020 IEEE INTERNATIONAL CONFERENCE ON BLOCKCHAIN (BLOCKCHAIN 2020)}},
Year = {{2020}},
Pages = {{327-336}},
Note = {{3rd IEEE International Conference on Blockchain (Blockchain), ELECTR
   NETWORK, NOV 02-06, 2020}},
Organization = {{IEEE; IEEE Comp Soc; IEEE Tech Comm Scalable Comp}},
DOI = {{10.1109/Blockchain50366.2020.00048}},
ISBN = {{978-0-7381-0495-9}},
Unique-ID = {{WOS:000647642100039}},
}

@inproceedings{ WOS:000668146200157,
Author = {Zhou, Shunfan and Yang, Zhemin and Xiang, Jie and Cao, Yinzhi and Yang,
   Min and Zhang, Yuan},
Book-Group-Author = {{USENIX Assoc}},
Title = {{An Ever-evolving Game: Evaluation of Real-world Attacks and Defenses in
   Ethereum Ecosystem}},
Booktitle = {{PROCEEDINGS OF THE 29TH USENIX SECURITY SYMPOSIUM}},
Year = {{2020}},
Pages = {{2793-2809}},
Note = {{29th USENIX Security Symposium, ELECTR NETWORK, AUG 12-14, 2020}},
Organization = {{USENIX Assoc; Facebook; Microsoft; Salesforce; ByteDance; Cisco;
   Kaspersky; Baidu; Dropbox; Google; IBM; Intel; Qualcomm; ACM Queue;
   DMTF; FreeBSD Fdn}},
ISBN = {{978-1-939133-17-5}},
Unique-ID = {{WOS:000668146200157}},
}

@article{ WOS:000528625100011,
Author = {Wang, Xinming and He, Jiahao and Xie, Zhijian and Zhao, Gansen and
   Cheung, Shing-Chi},
Title = {{ContractGuard: Defend Ethereum Smart Contracts with Embedded Intrusion
   Detection}},
Journal = {{IEEE TRANSACTIONS ON SERVICES COMPUTING}},
Year = {{2020}},
Volume = {{13}},
Number = {{2}},
Pages = {{314-328}},
Month = {{MAR-APR}},
DOI = {{10.1109/TSC.2019.2949561}},
ISSN = {{1939-1374}},
ResearcherID-Numbers = {{He, Jiahao/AAO-7588-2020
   Cheung, Shing Chi/U-5882-2018}},
ORCID-Numbers = {{He, Jiahao/0000-0002-6837-2682
   Cheung, Shing Chi/0000-0002-3508-7172}},
Unique-ID = {{WOS:000528625100011}},
}

@article{ WOS:000587512600001,
Author = {Lu, Qinghua and Binh Tran, An and Weber, Ingo and O'Connor, Hugo and
   Rimba, Paul and Xu, Xiwei and Staples, Mark and Zhu, Liming and Jeffery,
   Ross},
Title = {{Integrated model-driven engineering of blockchain applications for
   business processes and asset management}},
Journal = {{SOFTWARE-PRACTICE \& EXPERIENCE}},
Year = {{2021}},
Volume = {{51}},
Number = {{5}},
Pages = {{1059-1079}},
Month = {{MAY}},
DOI = {{10.1002/spe.2931}},
Early-Access-Date = {{NOV 2020}},
ISSN = {{0038-0644}},
EISSN = {{1097-024X}},
ResearcherID-Numbers = {{Lu, Qinghua/AAG-3378-2021
   }},
ORCID-Numbers = {{Lu, Qinghua/0000-0002-9466-1672
   XU, XIWEI/0000-0002-2273-1862
   Lu, Qinghua/0000-0002-7783-5183
   Zhu, Liming/0000-0001-5839-3765}},
Unique-ID = {{WOS:000587512600001}},
}

@article{ WOS:000673632700032,
Author = {Razmjouei, Pouyan and Kavousi-Fard, Abdollah and Dabbaghjamanesh,
   Morteza and Jin, Tao and Su, Wencong},
Title = {{Ultra-Lightweight Mutual Authentication in the Vehicle Based on Smart
   Contract Blockchain: Case of MITM Attack}},
Journal = {{IEEE SENSORS JOURNAL}},
Year = {{2021}},
Volume = {{21}},
Number = {{14}},
Pages = {{15839-15848}},
Month = {{JUL 15}},
DOI = {{10.1109/JSEN.2020.3022536}},
ISSN = {{1530-437X}},
EISSN = {{1558-1748}},
Unique-ID = {{WOS:000673632700032}},
}

@inproceedings{ WOS:000667971400131,
Author = {Li, Yue and Liu, Han and Yang, Zhiqiang and Ren, Qian and Wang, Lei and
   Chen, Bangdao},
Book-Group-Author = {{IEEE Comp Soc}},
Title = {{SAFEPAY on Ethereum: A Framework For Detecting Unfair Payments in Smart
   Contracts}},
Booktitle = {{2020 IEEE 40TH INTERNATIONAL CONFERENCE ON DISTRIBUTED COMPUTING SYSTEMS
   (ICDCS)}},
Series = {{IEEE International Conference on Distributed Computing Systems}},
Year = {{2020}},
Pages = {{1219-1222}},
Note = {{40th IEEE International Conference on Distributed Computing Systems
   (ICDCS), ELECTR NETWORK, NOV 29-DEC 01, 2020}},
Organization = {{IEEE; IEEE Comp Soc; Nanyang Technol Univ; Natl Univ Singapore; Conflux}},
DOI = {{10.1109/ICDCS47774.2020.00116}},
ISSN = {{1063-6927}},
ISBN = {{978-1-7281-7002-2}},
Unique-ID = {{WOS:000667971400131}},
}

@article{ WOS:000522449700024,
Author = {Zhang, Yun and Tang, Zhi and Huang, Jing and Ding, Yue and He, Hao and
   Xia, Xiaosheng and Li, Chunhua},
Title = {{A Decentralized Model for Spatial Data Digital Rights Management}},
Journal = {{ISPRS INTERNATIONAL JOURNAL OF GEO-INFORMATION}},
Year = {{2020}},
Volume = {{9}},
Number = {{2}},
Month = {{FEB}},
DOI = {{10.3390/ijgi9020084}},
Article-Number = {{84}},
EISSN = {{2220-9964}},
ORCID-Numbers = {{Tang, Zhi/0000-0002-9507-5579}},
Unique-ID = {{WOS:000522449700024}},
}

@article{ WOS:000678340800019,
Author = {Peng, Kai and Li, Meijun and Huang, Haojun and Wang, Chen and Wan,
   Shaohua and Choo, Kim-Kwang Raymond},
Title = {{Security Challenges and Opportunities for Smart Contracts in Internet of
   Things: A Survey}},
Journal = {{IEEE INTERNET OF THINGS JOURNAL}},
Year = {{2021}},
Volume = {{8}},
Number = {{15}},
Pages = {{12004-12020}},
Month = {{AUG 1}},
DOI = {{10.1109/JIOT.2021.3074544}},
ISSN = {{2327-4662}},
ResearcherID-Numbers = {{Wan, Shaohua/B-9243-2014
   Wang, Chen/E-3121-2010
   }},
ORCID-Numbers = {{Wan, Shaohua/0000-0001-7013-9081
   Wang, Chen/0000-0003-1963-4954
   Choo, Kim-Kwang Raymond/0000-0001-9208-5336}},
Unique-ID = {{WOS:000678340800019}},
}

@inproceedings{ WOS:000492868700038,
Author = {Bak, SuJin and Pyo, Yeon and Jeong, Jichai},
Book-Group-Author = {{IEEE}},
Title = {{Protection of EEG Data using Blockchain Platform}},
Booktitle = {{2019 7TH INTERNATIONAL WINTER CONFERENCE ON BRAIN-COMPUTER INTERFACE
   (BCI)}},
Series = {{International Winter Workshop on Brain-Computer Interface}},
Year = {{2019}},
Pages = {{174-176}},
Note = {{7th International Winter Conference on Brain-Computer Interface (BCI),
   Korea Univ, Res Ctr Brain \& Artificial Intelligence, Gangwon, SOUTH
   KOREA, FEB 18-20, 2019}},
Organization = {{Korea Univ, Global Leader Dev Div Brain Engn; Tech Univ Berlin, Machine
   Learning Grp; Brain Engn Soc Korea; Korean Brain Educ Soc; IEEE Syst,
   Man, \& Cybernet Soc TC Brain Machine Interface Syst; IEEE Brain
   Initiat; KIISE SIG Brain Comp Interface}},
ISSN = {{2572-7680}},
EISSN = {{2572-7672}},
ISBN = {{978-1-5386-8116-9}},
Unique-ID = {{WOS:000492868700038}},
}

@article{ WOS:000473770600001,
Author = {Liu, Jing and Liu, Zhentian},
Title = {{A Survey on Security Verification of Blockchain Smart Contracts}},
Journal = {{IEEE ACCESS}},
Year = {{2019}},
Volume = {{7}},
Pages = {{77894-77904}},
DOI = {{10.1109/ACCESS.2019.2921624}},
ISSN = {{2169-3536}},
ORCID-Numbers = {{Liu, Jing/0000-0003-4641-1326}},
Unique-ID = {{WOS:000473770600001}},
}

@inproceedings{ WOS:000614362600006,
Author = {Parizi, Reza M. and Amritraj and Dehghantanha, Ali},
Editor = {{Chen, S and Wang, H and Zhang, LJ}},
Title = {{Smart Contract Programming Languages on Blockchains: An Empirical
   Evaluation of Usability and Security}},
Booktitle = {{BLOCKCHAIN - ICBC 2018}},
Series = {{Lecture Notes in Computer Science}},
Year = {{2018}},
Volume = {{10974}},
Pages = {{75-91}},
Note = {{1st International Conference on Blockchain (ICBC) Held as Part of the
   Services Conference Federation (SCF), Seattle, WA, JUN 25-30, 2018}},
DOI = {{10.1007/978-3-319-94478-4\_6}},
ISSN = {{0302-9743}},
EISSN = {{1611-3349}},
ISBN = {{978-3-319-94478-4; 978-3-319-94477-7}},
ResearcherID-Numbers = {{Parizi, Reza/AAF-3813-2019}},
Unique-ID = {{WOS:000614362600006}},
}

@article{ WOS:000659400300004,
Author = {Sahay, Rashmi and Geethakumari, G. and Mitra, Barsha},
Title = {{A holistic framework for prediction of routing attacks in IoT-LLNs}},
Journal = {{JOURNAL OF SUPERCOMPUTING}},
DOI = {{10.1007/s11227-021-03922-1}},
Early-Access-Date = {{JUN 2021}},
ISSN = {{0920-8542}},
EISSN = {{1573-0484}},
ResearcherID-Numbers = {{Sahay, Rashmi/W-3549-2019
   }},
ORCID-Numbers = {{Sahay, Rashmi/0000-0003-4713-069X}},
Unique-ID = {{WOS:000659400300004}},
}

@inproceedings{ WOS:000569720900052,
Author = {Ashouri, Mohammadreza},
Book-Group-Author = {{ACM}},
Title = {{Etherolic: A Practical Security Analyzer for Smart Contracts}},
Booktitle = {{PROCEEDINGS OF THE 35TH ANNUAL ACM SYMPOSIUM ON APPLIED COMPUTING
   (SAC'20)}},
Year = {{2020}},
Pages = {{353-356}},
Note = {{35th Annual ACM Symposium on Applied Computing (SAC), Czech Tech Univ,
   ELECTR NETWORK, MAR 30-APR 03, 2020}},
Organization = {{ACM; Masaryk Univ Czechia; Microsoft Res; ACM Special Interest Grp Appl
   Comp; Natl Inst Technol Calicut}},
DOI = {{10.1145/3341105.3374226}},
ISBN = {{978-1-4503-6866-7}},
Unique-ID = {{WOS:000569720900052}},
}

@article{ WOS:000535598700318,
Author = {Yahaya, Adamu Sani and Javaid, Nadeem and Alzahrani, Fahad A. and
   Rehman, Amjad and Ullah, Ibrar and Shahid, Affaf and Shafiq, Muhammad},
Title = {{Blockchain Based Sustainable Local Energy Trading Considering Home
   Energy Management and Demurrage Mechanism}},
Journal = {{SUSTAINABILITY}},
Year = {{2020}},
Volume = {{12}},
Number = {{8}},
Month = {{APR}},
DOI = {{10.3390/su12083385}},
Article-Number = {{3385}},
EISSN = {{2071-1050}},
ResearcherID-Numbers = {{Javaid, Nadeem/B-8835-2014
   }},
ORCID-Numbers = {{Javaid, Nadeem/0000-0003-3777-8249
   Ullah, Ibrar/0000-0002-5415-9872
   Al-zahrani, Fahad/0000-0002-0603-0580
   Shafiq, Muhammad/0000-0001-7337-7608
   Rehman, Amjad/0000-0002-3817-2655}},
Unique-ID = {{WOS:000535598700318}},
}

@article{ WOS:000524655600001,
Author = {Gupta, Rajesh and Tanwar, Sudeep and Al-Turjman, Fadi and Italiya, Prit
   and Nauman, Ali and Kim, Sung Won},
Title = {{Smart Contract Privacy Protection Using AI in Cyber-Physical Systems:
   Tools, Techniques and Challenges}},
Journal = {{IEEE ACCESS}},
Year = {{2020}},
Volume = {{8}},
Pages = {{24746-24772}},
DOI = {{10.1109/ACCESS.2020.2970576}},
ISSN = {{2169-3536}},
ResearcherID-Numbers = {{Gupta, Rajesh/AAC-8353-2020
   Al-Turjman, Fadi/L-2998-2019
   Tanwar, Sudeep/AAI-6709-2020
   }},
ORCID-Numbers = {{Gupta, Rajesh/0000-0003-3298-4238
   Al-Turjman, Fadi/0000-0001-5418-873X
   Tanwar, Sudeep/0000-0002-1776-4651
   Kim, Sungwon/0000-0001-8454-6980}},
Unique-ID = {{WOS:000524655600001}},
}

@inproceedings{ WOS:000483568200015,
Author = {Hildenbrandt, Everett and Saxena, Manasvi and Rodrigues, Nishant and
   Zhu, Xiaoran and Daian, Philip and Guth, Dwight and Moore, Brandon and
   Park, Daejun and Zhang, Yi and Stefanescu, Andrei and Rosu, Grigore},
Book-Group-Author = {{IEEE Comp Soc}},
Title = {{KEVM: A Complete Formal Semantics of the Ethereum Virtual Machine}},
Booktitle = {{IEEE 31ST COMPUTER SECURITY FOUNDATIONS SYMPOSIUM (CSF 2018)}},
Series = {{Proceedings IEEE Computer Security Foundations Symposium}},
Year = {{2018}},
Pages = {{204-217}},
Note = {{31st IEEE Computer Security Foundations Symposium (CSF) held as part of
   the Federated Logic Conference (FLoC), Oxford, ENGLAND, JUL 09-12, 2018}},
Organization = {{IEEE; IEEE Comp Soc}},
DOI = {{10.1109/CSF.2018.00022}},
ISSN = {{1940-1434}},
EISSN = {{2374-8303}},
ISBN = {{978-1-5386-6680-7}},
Unique-ID = {{WOS:000483568200015}},
}

@inproceedings{ WOS:000503498000039,
Author = {Albert, Elvira and Correas, Jesus and Gordillo, Pablo and Roman-Diez,
   Guillermo and Rubio, Albert},
Editor = {{Zhang, DM and Moller, A}},
Title = {{SAFEVM: A Safety Verifier for Ethereum Smart Contracts}},
Booktitle = {{PROCEEDINGS OF THE 28TH ACM SIGSOFT INTERNATIONAL SYMPOSIUM ON SOFTWARE
   TESTING AND ANALYSIS (ISSTA `19)}},
Year = {{2019}},
Pages = {{386-389}},
Note = {{28th ACM SIGSOFT International Symposium on Software Testing and
   Analysis (ISSTA), Beijing, PEOPLES R CHINA, JUL 15-19, 2019}},
Organization = {{Assoc Comp Machinery; ACM SIGSOFT; Microsoft Res; DiDi; Google; Huawei;
   MoocTest; Facebook; Fujitsu; Sourcebrella; UCLouvain}},
DOI = {{10.1145/3293882.3338999}},
ISBN = {{978-1-4503-6224-5}},
ResearcherID-Numbers = {{Correas, Jesus/AAG-4430-2020
   Roman-Diez, Guillermo/AAS-4445-2020
   Gordillo, Pablo/X-4552-2018
   }},
ORCID-Numbers = {{Correas, Jesus/0000-0002-3219-0799
   Gordillo, Pablo/0000-0001-6189-4667
   Roman-Diez, Guillermo/0000-0002-5427-8855}},
Unique-ID = {{WOS:000503498000039}},
}

@article{ WOS:000616307600013,
Author = {Huang, Jianjun and Han, Songming and You, Wei and Shi, Wenchang and
   Liang, Bin and Wu, Jingzheng and Wu, Yanjun},
Title = {{Hunting Vulnerable Smart Contracts via Graph Embedding Based Bytecode
   Matching}},
Journal = {{IEEE TRANSACTIONS ON INFORMATION FORENSICS AND SECURITY}},
Year = {{2021}},
Volume = {{16}},
Pages = {{2144-2156}},
DOI = {{10.1109/TIFS.2021.3050051}},
ISSN = {{1556-6013}},
EISSN = {{1556-6021}},
Unique-ID = {{WOS:000616307600013}},
}

@inproceedings{ WOS:000693398800014,
Author = {Contro, Filippo and Crosara, Marco and Ceccato, Mariano and Dalla Preda,
   Mila},
Book-Group-Author = {{IEEE COMP SOC}},
Title = {{EtherSolve: Computing an Accurate Control-Flow Graph from Ethereum
   Bytecode}},
Booktitle = {{2021 IEEE/ACM 29TH INTERNATIONAL CONFERENCE ON PROGRAM COMPREHENSION
   (ICPC 2021)}},
Series = {{International Conference on Program Comprehension}},
Year = {{2021}},
Pages = {{127-137}},
Note = {{29th IEEE/ACM International Conference on Program Comprehension (ICPC) /
   18th IEEE/ACM International Conference on Mining Software Repositories
   (MSR), ELECTR NETWORK, MAY 22-30, 2021}},
Organization = {{IEEE; Assoc Comp Machinery; IEEE Comp Soc; IEEE Tech Council Software
   Engn; ACM Special Interest Grp Software Engn}},
DOI = {{10.1109/ICPC52881.2021.00021}},
ISSN = {{1092-8138}},
ISBN = {{978-1-6654-1403-6}},
Unique-ID = {{WOS:000693398800014}},
}

@inproceedings{ WOS:000503272600010,
Author = {Gao, Jianbo and Liu, Han and Liu, Chao and Li, Qingshan and Guan, Zhi
   and Chen, Zhong},
Book-Group-Author = {{IEEE}},
Title = {{EASYFLOW : Keep Ethereum Away From Overflow}},
Booktitle = {{2019 IEEE/ACM 41ST INTERNATIONAL CONFERENCE ON SOFTWARE ENGINEERING:
   COMPANION PROCEEDINGS (ICSE-COMPANION 2019)}},
Year = {{2019}},
Pages = {{23-26}},
Note = {{IEEE/ACM 41st International Conference on Software Engineering -
   Software Engineering in Practice (ICSE-SEIP), Montreal, CANADA, MAY
   25-31, 2019}},
Organization = {{IEEE; Assoc Comp Machinery; IEEE Comp Soc; Special Interest Grp Software
   Engn; Tech Council Software Engn}},
DOI = {{10.1109/ICSE-Companion.2019.00029}},
ISBN = {{978-1-7281-1764-5}},
Unique-ID = {{WOS:000503272600010}},
}

@inproceedings{ WOS:000680821200003,
Author = {Chen, Ting and Cao, Rong and Li, Ting and Luo, Xiapu and Gu, Guofei and
   Zhang, Yufei and Liao, Zhou and Zhu, Hang and Chen, Gang and He, Zheyuan
   and Tang, Yuxing and Lin, Xiaodong and Zhang, Xiaosong},
Book-Group-Author = {{Internet Soc}},
Title = {{SODA: A Generic Online Detection Framework for Smart Contracts}},
Booktitle = {{28TH ANNUAL NETWORK AND DISTRIBUTED SYSTEM SECURITY SYMPOSIUM (NDSS
   2021)}},
Year = {{2021}},
Note = {{28th Annual Network and Distributed System Security Symposium (NDSS),
   ELECTR NETWORK, FEB 21-25, 2021}},
DOI = {{10.14722/ndss.2020.24449}},
ISBN = {{1-891562-66-5}},
Unique-ID = {{WOS:000680821200003}},
}

@inproceedings{ WOS:000680742600087,
Author = {Chen, Ting and Cao, Rong and Li, Ting and Luo, Xiapu and Gu, Guofei and
   Zhang, Yufei and Liao, Zhou and Zhu, Hang and Chen, Gang and He, Zheyuan
   and Tang, Yuxing and Lin, Xiaodong and Zhang, Xiaosong},
Book-Group-Author = {{Internet Soc}},
Title = {{SODA: A Generic Online Detection Framework for Smart Contracts}},
Booktitle = {{27TH ANNUAL NETWORK AND DISTRIBUTED SYSTEM SECURITY SYMPOSIUM (NDSS
   2020)}},
Year = {{2020}},
Note = {{27th Annual Network and Distributed System Security Symposium (NDSS),
   San Diego, CA, FEB 23-26, 2020}},
DOI = {{10.14722/ndss.2020.24449}},
ISBN = {{978-1-891562-61-7}},
Unique-ID = {{WOS:000680742600087}},
}

@inproceedings{ WOS:000611408800020,
Author = {Kiktenko, E. O. and Kudinov, M. A. and Fedorov, A. K.},
Editor = {{Abramowicz, W and Corchuelo, R}},
Title = {{Detecting Brute-Force Attacks on Cryptocurrency Wallets}},
Booktitle = {{BUSINESS INFORMATION SYSTEMS WORKSHOPS, BIS 2019}},
Series = {{Lecture Notes in Business Information Processing}},
Year = {{2019}},
Volume = {{373}},
Pages = {{232-242}},
Note = {{22nd International Conference on Business Information Systems (BIS),
   Seville, SPAIN, JUN 26-28, 2019}},
Organization = {{Univ Seville; Poznan Univ Econ \& Business, Dept Informat Syst}},
DOI = {{10.1007/978-3-030-36691-9\_20}},
ISSN = {{1865-1348}},
EISSN = {{1865-1356}},
ISBN = {{978-3-030-36691-9; 978-3-030-36690-2}},
ResearcherID-Numbers = {{Kiktenko, Evgeniy/J-7288-2012
   }},
ORCID-Numbers = {{Kiktenko, Evgeniy/0000-0001-5760-441X
   Fedorov, Aleksey/0000-0002-4722-3418}},
Unique-ID = {{WOS:000611408800020}},
}

@article{ WOS:000501392500033,
Author = {Singh, Amritraj and Parizi, Reza M. and Zhang, Qi and Choo, Kim-Kwang
   Raymond and Dehghantanha, Ali},
Title = {{Blockchain smart contracts formalization: Approaches and challenges to
   address vulnerabilities}},
Journal = {{COMPUTERS \& SECURITY}},
Year = {{2020}},
Volume = {{88}},
Month = {{JAN}},
DOI = {{10.1016/j.cose.2019.101654}},
Article-Number = {{101654}},
ISSN = {{0167-4048}},
EISSN = {{1872-6208}},
ResearcherID-Numbers = {{Parizi, Reza/AAF-3813-2019
   Choo, Kim-Kwang Raymond/A-3634-2009}},
ORCID-Numbers = {{Choo, Kim-Kwang Raymond/0000-0001-9208-5336}},
Unique-ID = {{WOS:000501392500033}},
}

@article{ WOS:000434666100001,
Author = {Griggs, Kristen N. and Ossipova, Olya and Kohlios, Christopher P. and
   Baccarini, Alessandro N. and Howson, Emily A. and Hayajneh, Thaier},
Title = {{Healthcare Blockchain System Using Smart Contracts for Secure Automated
   Remote Patient Monitoring}},
Journal = {{JOURNAL OF MEDICAL SYSTEMS}},
Year = {{2018}},
Volume = {{42}},
Number = {{7}},
Month = {{JUL}},
DOI = {{10.1007/s10916-018-0982-x}},
Article-Number = {{130}},
ISSN = {{0148-5598}},
EISSN = {{1573-689X}},
ResearcherID-Numbers = {{Hayajneh, Thaier/H-3496-2019
   Sanchez-Gomez, Nicolas/K-3758-2014
   }},
ORCID-Numbers = {{Hayajneh, Thaier/0000-0002-8952-1499}},
Unique-ID = {{WOS:000434666100001}},
}

@article{ WOS:000483406200015,
Author = {Norta, Alex and Matulevicius, Raimundas and Leiding, Benjamin},
Title = {{Safeguarding a formalized Blockchain-enabled identity-authentication
   protocol by applying security risk-oriented patterns}},
Journal = {{COMPUTERS \& SECURITY}},
Year = {{2019}},
Volume = {{86}},
Pages = {{253-269}},
Month = {{SEP}},
DOI = {{10.1016/j.cose.2019.05.017}},
ISSN = {{0167-4048}},
EISSN = {{1872-6208}},
ResearcherID-Numbers = {{Matulevicius, Raimundas/J-1871-2019
   Norta, Alex/I-2347-2018}},
ORCID-Numbers = {{Matulevicius, Raimundas/0000-0002-1829-4794
   Leiding, Benjamin/0000-0002-9191-7548
   Norta, Alex/0000-0003-0593-8244}},
Unique-ID = {{WOS:000483406200015}},
}

@inproceedings{ WOS:000505681100005,
Author = {Singi, Kapil and Kaulgud, Vikrant and Bose, R. P. Jagadeesh Chandra and
   Podder, Sanjay},
Book-Group-Author = {{ACM}},
Title = {{CAG: Compliance Adherence and Governance in Software Delivery using
   Blockchain}},
Booktitle = {{2019 IEEE/ACM 2ND INTERNATIONAL WORKSHOP ON EMERGING TRENDS IN SOFTWARE
   ENGINEERING FOR BLOCKCHAIN (WETSEB 2019)}},
Year = {{2019}},
Pages = {{32-39}},
Note = {{IEEE/ACM 2nd International Workshop on Emerging Trends in Software
   Engineering for Blockchain (WETSEB), Montreal, CANADA, MAY 27, 2019}},
Organization = {{IEEE; Assoc Comp Machinery; IEEE Comp Soc}},
DOI = {{10.1109/WETSEB.2019.00011}},
ISBN = {{978-1-7281-2257-1}},
Unique-ID = {{WOS:000505681100005}},
}

@inproceedings{ WOS:000474685800052,
Author = {Chatterjee, Krishnendu and Goharshady, Amir Kafshdar and Goharshady,
   Ehsan Kafshdar},
Book-Group-Author = {{Assoc Comp Machinery}},
Title = {{The Treewidth of Smart Contracts}},
Booktitle = {{SAC `19: PROCEEDINGS OF THE 34TH ACM/SIGAPP SYMPOSIUM ON APPLIED
   COMPUTING}},
Year = {{2019}},
Pages = {{400-408}},
Note = {{34th ACM/SIGAPP Annual International Symposium on Applied Computing
   (SAC), Univ Cyprus, Limassol, CYPRUS, APR 08-12, 2019}},
Organization = {{Assoc Comp Machinery Special Interest Grp Appl Comp}},
DOI = {{10.1145/3297280.3297322}},
ISBN = {{978-1-4503-5933-7}},
ORCID-Numbers = {{Kafshdar Goharshady, Amir/0000-0003-1702-6584}},
Unique-ID = {{WOS:000474685800052}},
}

@inproceedings{ WOS:000675825200080,
Author = {Pierro, Giuseppe Antonio and Tonelli, Roberto},
Book-Group-Author = {{IEEE Comp Soc}},
Title = {{Analysis of Source Code Duplication in Ethreum Smart Contracts}},
Booktitle = {{2021 IEEE INTERNATIONAL CONFERENCE ON SOFTWARE ANALYSIS, EVOLUTION AND
   REENGINEERING (SANER 2021)}},
Year = {{2021}},
Pages = {{701-707}},
Note = {{28th IEEE International Conference on Software Analysis, Evolution and
   Reengineering (SANER), ELECTR NETWORK, MAR 09-12, 2021}},
Organization = {{IEEE; IEEE Comp Soc; IEEE Tech Council Software Engn}},
DOI = {{10.1109/SANER50967.2021.00089}},
ISBN = {{978-1-7281-9630-5}},
Unique-ID = {{WOS:000675825200080}},
}

@inproceedings{ WOS:000546326300007,
Author = {Bansal, Kshitij and Koskinen, Eric and Tripp, Omer},
Editor = {{Beyer, D and Huisman, M}},
Title = {{Automatic Generation of Precise and Useful Commutativity Conditions}},
Booktitle = {{TOOLS AND ALGORITHMS FOR THE CONSTRUCTION AND ANALYSIS OF SYSTEMS, TACAS
   2018, PT I}},
Series = {{Lecture Notes in Computer Science}},
Year = {{2018}},
Volume = {{10805}},
Number = {{I}},
Pages = {{115-132}},
Note = {{24th International Conference on Tools and Algorithms for the
   Construction and Analysis of Systems (TACAS) Held as Part of the 21st
   European Joint Conferences on Theory and Practice of Software (ETAPS),
   Thessaloniki, GREECE, APR 14-20, 2018}},
Organization = {{Aristotle Univ Thessaloniki, Dept Informat}},
DOI = {{10.1007/978-3-319-89960-2\_7}},
ISSN = {{0302-9743}},
EISSN = {{1611-3349}},
ISBN = {{978-3-319-89960-2; 978-3-319-89959-6}},
Unique-ID = {{WOS:000546326300007}},
}

@inproceedings{ WOS:000492033300035,
Author = {di Angelo, Monika and Salzer, Gernot},
Book-Group-Author = {{IEEE}},
Title = {{Collateral Use of Deployment Code for Smart Contracts in Ethereum}},
Booktitle = {{2019 10TH IFIP INTERNATIONAL CONFERENCE ON NEW TECHNOLOGIES, MOBILITY
   AND SECURITY (NTMS)}},
Series = {{International Conference on New Technologies Mobility and Security}},
Year = {{2019}},
Note = {{10th IFIP International Conference on New Technologies, Mobility and
   Security (NTMS), SPAIN, JUN 24-26, 2019}},
Organization = {{IFIP; IEEE; IEEE Commun Soc; IFIP TC 6; AiR Inst; Vellore Inst Technol;
   CNRS; Telecom ParisTech; Efrei Paris; LiP 6}},
ISSN = {{2157-4952}},
ISBN = {{978-1-7281-1542-9}},
Unique-ID = {{WOS:000492033300035}},
}

@inproceedings{ WOS:000587590500069,
Author = {Demir, Mehmet and Alalfi, Manar and Turetken, Ozgur and Ferworn,
   Alexander},
Book-Group-Author = {{IEEE}},
Title = {{Security Smells in Smart Contracts}},
Booktitle = {{2019 COMPANION OF THE 19TH IEEE INTERNATIONAL CONFERENCE ON SOFTWARE
   QUALITY, RELIABILITY AND SECURITY (QRS-C 2019)}},
Year = {{2019}},
Pages = {{442-449}},
Note = {{19th IEEE International Conference on Software Quality, Reliability and
   Security (QRS), Sofia, BULGARIA, JUL 22-26, 2019}},
Organization = {{IEEE; IEEE Comp Soc; IEEE Reliabil Soc}},
DOI = {{10.1109/QRS-C.2019.00086}},
ISBN = {{978-1-7281-3925-8}},
ResearcherID-Numbers = {{Alalfi, Manar/AAT-3091-2021
   Turetken, Ozgur/P-2482-2017}},
Unique-ID = {{WOS:000587590500069}},
}

@inproceedings{ WOS:000519086301089,
Author = {Baza, Mohamed and Nabil, Mahmoud and Lasla, Noureddine and Fidan, Kemal
   and Mahmoud, Mohamed and Abdallah, Mohamed},
Book-Group-Author = {{IEEE}},
Title = {{Blockchain-based Firmware Update Scheme Tailored for Autonomous Vehicles}},
Booktitle = {{2019 IEEE WIRELESS COMMUNICATIONS AND NETWORKING CONFERENCE (WCNC)}},
Series = {{IEEE Wireless Communications and Networking Conference}},
Year = {{2019}},
Note = {{IEEE Wireless Communications and Networking Conference (WCNC),
   Marrakech, MOROCCO, APR 15-19, 2019}},
Organization = {{IEEE}},
ISSN = {{1525-3511}},
ISBN = {{978-1-5386-7646-2}},
ResearcherID-Numbers = {{Baza, Mohamed/AAU-4029-2020
   Nabil, Mahmoud/T-6383-2019
   Abdallah, Mohamed/ABB-6297-2021}},
ORCID-Numbers = {{Baza, Mohamed/0000-0001-5153-8693
   Nabil, Mahmoud/0000-0003-3059-7912
   Abdallah, Mohamed/0000-0002-3261-7588}},
Unique-ID = {{WOS:000519086301089}},
}

@article{ WOS:000685203900086,
Author = {Albert, Elvira and Grossman, Shelly and Rinetzky, Noam and
   Rodriguez-Nunez, Clara and Rubio, Albert and Sagiv, Mooly},
Title = {{Taming Callbacks for Smart Contract Modularity}},
Journal = {{PROCEEDINGS OF THE ACM ON PROGRAMMING LANGUAGES-PACMPL}},
Year = {{2020}},
Volume = {{4}},
Month = {{NOV}},
DOI = {{10.1145/3428277}},
Article-Number = {{209}},
EISSN = {{2475-1421}},
Unique-ID = {{WOS:000685203900086}},
}

@article{ WOS:000558898000001,
Author = {Shemov, Gjorgji and Garcia de Soto, Borja and Alkhzaimi, Hoda},
Title = {{Blockchain applied to the construction supply chain: A case study with
   threat model}},
Journal = {{FRONTIERS OF ENGINEERING MANAGEMENT}},
Year = {{2020}},
Volume = {{7}},
Number = {{4}},
Pages = {{564-577}},
Month = {{DEC}},
DOI = {{10.1007/s42524-020-0129-x}},
Early-Access-Date = {{AUG 2020}},
ISSN = {{2095-7513}},
EISSN = {{2096-0255}},
Unique-ID = {{WOS:000558898000001}},
}

@inproceedings{ WOS:000593830400043,
Author = {Gupta, Rajesh and Shukla, Arpit and Mehta, Parimal and Bhattacharya,
   Pronaya and Tanwar, Sudeep and Tyagi, Sudhanshu and Kumar, Neeraj},
Book-Group-Author = {{IEEE}},
Title = {{VAHAK: A Blockchain-based Outdoor Delivery Scheme using UAV for
   Healthcare 4.0 Services}},
Booktitle = {{IEEE INFOCOM 2020 - IEEE CONFERENCE ON COMPUTER COMMUNICATIONS WORKSHOPS
   (INFOCOM WKSHPS)}},
Series = {{IEEE Conference on Computer Communications Workshops}},
Year = {{2020}},
Pages = {{255-260}},
Note = {{IEEE Conference on Computer Communications (IEEE INFOCOM), ELECTR
   NETWORK, JUL 06-09, 2020}},
Organization = {{IEEE}},
ISSN = {{2159-4228}},
ISBN = {{978-1-7281-8695-5}},
ResearcherID-Numbers = {{MEHTA, PARIMAL/AAQ-6395-2021
   Gupta, Rajesh/AAC-8353-2020
   Tanwar, Sudeep/AAI-6709-2020
   Tyagi, Sudhanshu/H-7437-2019
   }},
ORCID-Numbers = {{Gupta, Rajesh/0000-0003-3298-4238
   Tanwar, Sudeep/0000-0002-1776-4651
   Tyagi, Sudhanshu/0000-0002-2989-3098
   Mehta, Parimal/0000-0003-0570-6152}},
Unique-ID = {{WOS:000593830400043}},
}

@article{ WOS:000662109100001,
Author = {Zhang, Di and Le, Junqing and Lei, Xinyu and Xiang, Tao and Liao,
   Xiaofeng},
Title = {{Exploring the redaction mechanisms of mutable blockchains: A
   comprehensive survey}},
Journal = {{INTERNATIONAL JOURNAL OF INTELLIGENT SYSTEMS}},
Year = {{2021}},
Volume = {{36}},
Number = {{9}},
Pages = {{5051-5084}},
Month = {{SEP}},
DOI = {{10.1002/int.22502}},
Early-Access-Date = {{JUN 2021}},
ISSN = {{0884-8173}},
EISSN = {{1098-111X}},
ResearcherID-Numbers = {{Xiang, Tao/N-3706-2016
   }},
ORCID-Numbers = {{Le, Junqing/0000-0003-2240-5263
   Zhang, Di/0000-0002-4875-1319
   Lei, Xinyu/0000-0001-8799-7875}},
Unique-ID = {{WOS:000662109100001}},
}

@inproceedings{ WOS:000668970504001,
Author = {Shukla, Arpit and Gupta, Rajesh and Tanwar, Sudeep and Kumar, Neeraj and
   Rodrigues, Joel J. P. C.},
Book-Group-Author = {{IEEE}},
Title = {{Block-RAS: A P2P Resource Allocation Scheme in 6G Environment with
   Public Blockchains}},
Booktitle = {{2020 IEEE GLOBAL COMMUNICATIONS CONFERENCE (GLOBECOM)}},
Series = {{IEEE Global Communications Conference}},
Year = {{2020}},
Note = {{IEEE Global Communications Conference (GLOBECOM) on Advanced Technology
   for 5G Plus, ELECTR NETWORK, DEC 07-11, 2020}},
Organization = {{IEEE; IEEE Commun Soc; Chunghwa Telecom; Foxconn; Huawei; Mediatek; 6G
   Off; Askey; Ericsson; FET Qualcomm; Taiwan Mobile; Auden Techno Corp;
   Keysight Technologies; Telecom Technol Ctr; NI}},
DOI = {{10.1109/GLOBECOM42002.2020.9348008}},
ISSN = {{2334-0983}},
EISSN = {{2576-6813}},
ISBN = {{978-1-7281-8298-8}},
Unique-ID = {{WOS:000668970504001}},
}

@inproceedings{ WOS:000661912700020,
Author = {Puggioni, Edoardo and Shaghaghi, Arash and Doss, Robin and Kanhere,
   Salil S.},
Editor = {{GkoulalasDivanis, A and Marchetti, M and Avresky, DR}},
Title = {{Towards Decentralized IoT Updates Delivery Leveraging Blockchain and
   Zero-Knowledge Proofs}},
Booktitle = {{2020 IEEE 19TH INTERNATIONAL SYMPOSIUM ON NETWORK COMPUTING AND
   APPLICATIONS (NCA)}},
Series = {{IEEE International Symposium on Network Computing and Applications}},
Year = {{2020}},
Note = {{IEEE 19th International Symposium on Network Computing and Applications
   (NCA), ELECTR NETWORK, NOV 24-27, 2020}},
Organization = {{IEEE; IEEE Comp Soc; IEEE Comp Soc Tech Comm Distributed Proc;
   Massachusetts Inst Technol; Akamai Technologies Inc; IBM, Thomas J.
   Watson Res Ctr; IBM Watson Hlth; Cornell Univ; BBN Cambridge; Microsoft
   Res; CNRS, LAAS; Univ Tennessee; Natl Sci Fdn; DARPA; Cisco; Argonne
   Natl Lab; European Res Council; Univ Illinois Urbana Champaign; Int Res
   Inst Autonom Network Comp; Oakridge Natl Labs}},
ISSN = {{2643-7910}},
EISSN = {{2643-7929}},
ISBN = {{978-1-7281-8326-8}},
ResearcherID-Numbers = {{kanhere, salil/ABA-2025-2021
   }},
ORCID-Numbers = {{Ram Mohan Doss, Robin/0000-0001-6143-6850
   Kanhere, Salil/0000-0002-1835-3475}},
Unique-ID = {{WOS:000661912700020}},
}

@article{ WOS:000482728100001,
Author = {Jones, Michael and Johnson, Matthew and Shervey, Mark and Dudley, Joel
   T. and Zimmerman, Noah},
Title = {{Privacy-Preserving Methods for Feature Engineering Using Blockchain:
   Review, Evaluation, and Proof of Concept}},
Journal = {{JOURNAL OF MEDICAL INTERNET RESEARCH}},
Year = {{2019}},
Volume = {{21}},
Number = {{8}},
Month = {{AUG 14}},
DOI = {{10.2196/13600}},
Article-Number = {{e13600}},
ISSN = {{1438-8871}},
ORCID-Numbers = {{Zimmerman, Noah/0000-0003-3391-2623
   Jones, Michael/0000-0002-6305-3893
   Johnson, Matthew/0000-0001-7056-2824}},
Unique-ID = {{WOS:000482728100001}},
}
